index,exchange,symbol,timestamp,local_timestamp,matchId,orderId,side,price,amount,askPrice,askQty,bidPrice,bidQty,state
0,bist,TSKB.E,1707980400097527556,1707980400097527556,782462244406529369,7824622289452351584,S,9.520,8433,9.520,2,9.510,15834,P_SUREKLI_ISLEM
1,bist,TSKB.E,1707980400097527556,1707980400097527556,782462244406529370,7824622289452386091,S,9.520,1,9.520,1,9.510,15834,P_SUREKLI_ISLEM
2,bist,TSKB.E,1707980400097527556,1707980400097527556,782462244406529371,7824622289452390899,S,9.520,1,9.530,4,9.510,15834,P_SUREKLI_ISLEM
3,bist,TSKB.E,1707980400222447986,1707980400222447986,782462244406529557,7824622289452733738,B,9.520,610,9.530,1015,9.510,16416,P_SUREKLI_ISLEM
4,bist,TSKB.E,1707980400222559526,1707980400222559526,782462244406529560,7824622289452736042,S,9.520,20,9.530,1015,9.510,16416,P_SUREKLI_ISLEM
5,bist,TSKB.E,1707980400808125920,1707980400808125920,782462244406530203,7824622289452386093,S,9.530,2,9.530,1013,9.520,42140,P_SUREKLI_ISLEM
6,bist,TSKB.E,1707980400808125920,1707980400808125920,782462244406530204,7824622289452390903,S,9.530,1,9.530,1012,9.520,42140,P_SUREKLI_ISLEM
7,bist,TSKB.E,1707980400808125920,1707980400808125920,782462244406530205,7824622289452416952,S,9.530,1,9.530,1011,9.520,42140,P_SUREKLI_ISLEM
8,bist,TSKB.E,1707980400808125920,1707980400808125920,782462244406530206,7824622289452733635,S,9.530,567,9.530,444,9.520,42140,P_SUREKLI_ISLEM
9,bist,TSKB.E,1707980400808125920,1707980400808125920,782462244406530207,7824622289452733734,S,9.530,444,9.540,29860,9.520,42140,P_SUREKLI_ISLEM
10,bist,TSKB.E,1707980401693538047,1707980401693538047,782462244406530882,7824622289452736055,B,9.520,1600,9.540,29860,9.520,40660,P_SUREKLI_ISLEM
11,bist,TSKB.E,1707980401693538047,1707980401693538047,782462244406530883,7824622289452736716,B,9.520,540,9.540,29860,9.520,40120,P_SUREKLI_ISLEM
12,bist,TSKB.E,1707980401693538047,1707980401693538047,782462244406530884,7824622289452738809,B,9.520,8260,9.540,29860,9.520,31860,P_SUREKLI_ISLEM
13,bist,TSKB.E,1707980402139829891,1707980402139829891,782462244406531224,7824622289452738809,B,9.520,31740,9.540,30731,9.520,120,P_SUREKLI_ISLEM
14,bist,TSKB.E,1707980402139829891,1707980402139829891,782462244406531225,7824622289452742555,B,9.520,120,9.540,30731,9.510,17517,P_SUREKLI_ISLEM
15,bist,TSKB.E,1707980402140019395,1707980402140019395,782462244406531230,7824622289452746838,S,9.520,18140,9.540,40731,9.510,17517,P_SUREKLI_ISLEM
16,bist,TSKB.E,1707980402140099032,1707980402140099032,782462244406531231,7824622289452746853,S,9.520,705,9.540,40731,9.510,17517,P_SUREKLI_ISLEM
17,bist,TSKB.E,1707980402424341129,1707980402424341129,782462244406531358,7824622289452746860,S,9.530,491,9.530,68227,9.520,18100,P_SUREKLI_ISLEM
18,bist,TSKB.E,1707980402667852381,1707980402667852381,782462244406531597,7824622289452746860,S,9.530,5000,9.530,63227,9.520,18623,P_SUREKLI_ISLEM
19,bist,TSKB.E,1707980403104270842,1707980403104270842,782462244406532057,7824622289452746860,S,9.530,24,9.530,64375,9.520,19322,P_SUREKLI_ISLEM
20,bist,TSKB.E,1707980404756753317,1707980404756753317,782462244406533526,7824622289452746860,S,9.530,105,9.530,94270,9.520,19322,P_SUREKLI_ISLEM
21,bist,TSKB.E,1707980404954616566,1707980404954616566,782462244406533628,7824622289452746869,B,9.520,5000,9.530,94270,9.520,15322,P_SUREKLI_ISLEM
22,bist,TSKB.E,1707980404954720989,1707980404954720989,782462244406533629,7824622289452746869,B,9.520,13100,9.530,94270,9.520,2222,P_SUREKLI_ISLEM
23,bist,TSKB.E,1707980404954720989,1707980404954720989,782462244406533630,7824622289452748491,B,9.520,523,9.530,94270,9.520,1699,P_SUREKLI_ISLEM
24,bist,TSKB.E,1707980404954720989,1707980404954720989,782462244406533631,7824622289452750137,B,9.520,300,9.530,94270,9.520,1399,P_SUREKLI_ISLEM
25,bist,TSKB.E,1707980404954720989,1707980404954720989,782462244406533632,7824622289452752880,B,9.520,399,9.530,94270,9.520,1000,P_SUREKLI_ISLEM
26,bist,TSKB.E,1707980404954720989,1707980404954720989,782462244406533633,7824622289452763611,B,9.520,1000,9.530,94270,9.510,24898,P_SUREKLI_ISLEM
27,bist,TSKB.E,1707980404954896096,1707980404954896096,782462244406533634,7824622289452764361,S,9.520,5200,9.520,210,9.510,19828,P_SUREKLI_ISLEM
28,bist,TSKB.E,1707980404954958233,1707980404954958233,782462244406533635,7824622289452764371,S,9.520,210,9.530,94852,9.510,19828,P_SUREKLI_ISLEM
29,bist,TSKB.E,1707980405131652926,1707980405131652926,782462244406533732,7824622289452765078,B,9.520,24,9.530,95342,9.520,81,P_SUREKLI_ISLEM
30,bist,TSKB.E,1707980405153567130,1707980405153567130,782462244406533734,7824622289452765078,B,9.520,81,9.530,95342,9.510,19266,P_SUREKLI_ISLEM
31,bist,TSKB.E,1707980405153659293,1707980405153659293,782462244406533735,7824622289452765212,S,9.520,1919,9.520,210,9.510,19266,P_SUREKLI_ISLEM
32,bist,TSKB.E,1707980405153682591,1707980405153682591,782462244406533736,7824622289452765217,S,9.520,210,9.530,95342,9.510,19266,P_SUREKLI_ISLEM
33,bist,TSKB.E,1707980406318735234,1707980406318735234,782462244406534558,7824622289452771794,S,9.520,1,9.520,1138,9.510,19267,P_SUREKLI_ISLEM
34,bist,TSKB.E,1707980406318760772,1707980406318760772,782462244406534559,7824622289452771796,S,9.520,1,9.520,1347,9.510,19267,P_SUREKLI_ISLEM
35,bist,TSKB.E,1707980406318770223,1707980406318770223,782462244406534560,7824622289452771796,S,9.520,1,9.520,1346,9.510,19267,P_SUREKLI_ISLEM
36,bist,TSKB.E,1707980406318807239,1707980406318807239,782462244406534561,7824622289452771796,S,9.520,1,9.520,1345,9.510,19267,P_SUREKLI_ISLEM
37,bist,TSKB.E,1707980406318827600,1707980406318827600,782462244406534562,7824622289452771796,S,9.520,627,9.520,718,9.510,19267,P_SUREKLI_ISLEM
38,bist,TSKB.E,1707980406318827600,1707980406318827600,782462244406534563,7824622289452771798,S,9.520,3,9.520,715,9.510,19267,P_SUREKLI_ISLEM
39,bist,TSKB.E,1707980406318838446,1707980406318838446,782462244406534564,7824622289452771798,S,9.520,505,9.520,210,9.510,19267,P_SUREKLI_ISLEM
40,bist,TSKB.E,1707980406318838446,1707980406318838446,782462244406534565,7824622289452771801,S,9.520,3,9.520,207,9.510,19267,P_SUREKLI_ISLEM
41,bist,TSKB.E,1707980406318860442,1707980406318860442,782462244406534566,7824622289452771801,S,9.520,207,9.530,95342,9.510,19267,P_SUREKLI_ISLEM
42,bist,TSKB.E,1707980407543387295,1707980407543387295,782462244406535227,7824622289452337085,B,9.510,1,9.530,95342,9.510,19350,P_SUREKLI_ISLEM
43,bist,TSKB.E,1707980407543387295,1707980407543387295,782462244406535228,7824622289452341813,B,9.510,111,9.530,95342,9.510,19239,P_SUREKLI_ISLEM
44,bist,TSKB.E,1707980409213649404,1707980409213649404,782462244406536102,7824622289452782911,B,9.520,240,9.530,95342,9.520,1277,P_SUREKLI_ISLEM
45,bist,TSKB.E,1707980409213649404,1707980409213649404,782462244406536103,7824622289452783127,B,9.520,1264,9.530,95342,9.520,13,P_SUREKLI_ISLEM
46,bist,TSKB.E,1707980409213649404,1707980409213649404,782462244406536104,7824622289452783743,B,9.520,13,9.530,95342,9.510,19239,P_SUREKLI_ISLEM
47,bist,TSKB.E,1707980409213649404,1707980409213649404,782462244406536105,7824622289452341813,B,9.510,1483,9.530,95342,9.510,17756,P_SUREKLI_ISLEM
48,bist,TSKB.E,1707980409213649404,1707980409213649404,782462244406536106,7824622289452346629,B,9.510,3,9.530,95342,9.510,17753,P_SUREKLI_ISLEM
49,bist,TSKB.E,1707980409213649404,1707980409213649404,782462244406536107,7824622289452351303,B,9.510,1051,9.530,95342,9.510,16702,P_SUREKLI_ISLEM
50,bist,TSKB.E,1707980409213649404,1707980409213649404,782462244406536108,7824622289452351537,B,9.510,1,9.530,95342,9.510,16701,P_SUREKLI_ISLEM
51,bist,TSKB.E,1707980409213649404,1707980409213649404,782462244406536109,7824622289452356566,B,9.510,11,9.530,95342,9.510,16690,P_SUREKLI_ISLEM
52,bist,TSKB.E,1707980409213649404,1707980409213649404,782462244406536110,7824622289452360488,B,9.510,1,9.530,95342,9.510,16689,P_SUREKLI_ISLEM
53,bist,TSKB.E,1707980409213649404,1707980409213649404,782462244406536111,7824622289452365923,B,9.510,100,9.530,95342,9.510,16589,P_SUREKLI_ISLEM
54,bist,TSKB.E,1707980409213649404,1707980409213649404,782462244406536112,7824622289452367136,B,9.510,5,9.530,95342,9.510,16584,P_SUREKLI_ISLEM
55,bist,TSKB.E,1707980409213649404,1707980409213649404,782462244406536113,7824622289452368601,B,9.510,28,9.530,95342,9.510,16556,P_SUREKLI_ISLEM
56,bist,TSKB.E,1707980409213649404,1707980409213649404,782462244406536114,7824622289452370151,B,9.510,1,9.530,95342,9.510,16555,P_SUREKLI_ISLEM
57,bist,TSKB.E,1707980409213649404,1707980409213649404,782462244406536115,7824622289452371558,B,9.510,50,9.530,95342,9.510,16505,P_SUREKLI_ISLEM
58,bist,TSKB.E,1707980409213649404,1707980409213649404,782462244406536116,7824622289452372688,B,9.510,4,9.530,95342,9.510,16501,P_SUREKLI_ISLEM
59,bist,TSKB.E,1707980409213649404,1707980409213649404,782462244406536117,7824622289452372730,B,9.510,2,9.530,95342,9.510,16499,P_SUREKLI_ISLEM
60,bist,TSKB.E,1707980409213649404,1707980409213649404,782462244406536118,7824622289452377001,B,9.510,10,9.530,95342,9.510,16489,P_SUREKLI_ISLEM
61,bist,TSKB.E,1707980409213649404,1707980409213649404,782462244406536119,7824622289452387296,B,9.510,100,9.530,95342,9.510,16389,P_SUREKLI_ISLEM
62,bist,TSKB.E,1707980409213649404,1707980409213649404,782462244406536120,7824622289452387297,B,9.510,3,9.530,95342,9.510,16386,P_SUREKLI_ISLEM
63,bist,TSKB.E,1707980409213649404,1707980409213649404,782462244406536121,7824622289452388140,B,9.510,1,9.530,95342,9.510,16385,P_SUREKLI_ISLEM
64,bist,TSKB.E,1707980409213649404,1707980409213649404,782462244406536122,7824622289452388296,B,9.510,11,9.530,95342,9.510,16374,P_SUREKLI_ISLEM
65,bist,TSKB.E,1707980409213649404,1707980409213649404,782462244406536123,7824622289452389919,B,9.510,9,9.530,95342,9.510,16365,P_SUREKLI_ISLEM
66,bist,TSKB.E,1707980409213649404,1707980409213649404,782462244406536124,7824622289452397341,B,9.510,4,9.530,95342,9.510,16361,P_SUREKLI_ISLEM
67,bist,TSKB.E,1707980409213649404,1707980409213649404,782462244406536125,7824622289452398249,B,9.510,2,9.530,95342,9.510,16359,P_SUREKLI_ISLEM
68,bist,TSKB.E,1707980409213649404,1707980409213649404,782462244406536126,7824622289452400159,B,9.510,150,9.530,95342,9.510,16209,P_SUREKLI_ISLEM
69,bist,TSKB.E,1707980409213649404,1707980409213649404,782462244406536127,7824622289452401254,B,9.510,100,9.530,95342,9.510,16109,P_SUREKLI_ISLEM
70,bist,TSKB.E,1707980409213649404,1707980409213649404,782462244406536128,7824622289452401323,B,9.510,15,9.530,95342,9.510,16094,P_SUREKLI_ISLEM
71,bist,TSKB.E,1707980409213649404,1707980409213649404,782462244406536129,7824622289452407981,B,9.510,20,9.530,95342,9.510,16074,P_SUREKLI_ISLEM
72,bist,TSKB.E,1707980409213649404,1707980409213649404,782462244406536130,7824622289452407992,B,9.510,1,9.530,95342,9.510,16073,P_SUREKLI_ISLEM
73,bist,TSKB.E,1707980409213649404,1707980409213649404,782462244406536131,7824622289452408703,B,9.510,400,9.530,95342,9.510,15673,P_SUREKLI_ISLEM
74,bist,TSKB.E,1707980409213649404,1707980409213649404,782462244406536132,7824622289452417027,B,9.510,500,9.530,95342,9.510,15173,P_SUREKLI_ISLEM
75,bist,TSKB.E,1707980409213649404,1707980409213649404,782462244406536133,7824622289452422200,B,9.510,10,9.530,95342,9.510,15163,P_SUREKLI_ISLEM
76,bist,TSKB.E,1707980409213649404,1707980409213649404,782462244406536134,7824622289452424631,B,9.510,1067,9.530,95342,9.510,14096,P_SUREKLI_ISLEM
77,bist,TSKB.E,1707980409213649404,1707980409213649404,782462244406536135,7824622289452384804,B,9.510,3863,9.530,95342,9.510,10233,P_SUREKLI_ISLEM
78,bist,TSKB.E,1707980409416677758,1707980409416677758,782462244406536216,7824622289452785231,B,9.520,25,9.530,95342,9.520,300,P_SUREKLI_ISLEM
79,bist,TSKB.E,1707980410163626000,1707980410163626000,782462244406536708,7824622289452746860,S,9.530,2,9.530,95340,9.520,566,P_SUREKLI_ISLEM
80,bist,TSKB.E,1707980411326441970,1707980411326441970,782462244406537286,7824622289452746860,S,9.530,8,9.530,95332,9.520,566,P_SUREKLI_ISLEM
81,bist,TSKB.E,1707980412465467326,1707980412465467326,782462244406537882,7824622289452746860,S,9.530,24,9.530,95308,9.520,1006,P_SUREKLI_ISLEM
82,bist,TSKB.E,1707980413865319619,1707980413865319619,782462244406538862,7824622289452746860,S,9.530,250,9.530,95058,9.520,756,P_SUREKLI_ISLEM
83,bist,TSKB.E,1707980415293153469,1707980415293153469,782462244406539575,7824622289452785231,B,9.520,300,9.530,95058,9.520,476,P_SUREKLI_ISLEM
84,bist,TSKB.E,1707980415293153469,1707980415293153469,782462244406539576,7824622289452785277,B,9.520,16,9.530,95058,9.520,460,P_SUREKLI_ISLEM
85,bist,TSKB.E,1707980415293153469,1707980415293153469,782462244406539577,7824622289452803417,B,9.520,440,9.530,95058,9.520,20,P_SUREKLI_ISLEM
86,bist,TSKB.E,1707980415293153469,1707980415293153469,782462244406539578,7824622289452814381,B,9.520,20,9.530,95058,9.510,9788,P_SUREKLI_ISLEM
87,bist,TSKB.E,1707980415347766265,1707980415347766265,782462244406539620,7824622289452746860,S,9.530,10,9.530,95048,9.510,9788,P_SUREKLI_ISLEM
88,bist,TSKB.E,1707980416699965891,1707980416699965891,782462244406539975,7824622289452746860,S,9.530,11086,9.530,83962,9.520,34668,P_SUREKLI_ISLEM
89,bist,TSKB.E,1707980416699965891,1707980416699965891,782462244406539976,7824622289452746875,S,9.530,878,9.530,83084,9.520,34668,P_SUREKLI_ISLEM
90,bist,TSKB.E,1707980416699965891,1707980416699965891,782462244406539977,7824622289452746888,S,9.530,210,9.530,82874,9.520,34668,P_SUREKLI_ISLEM
91,bist,TSKB.E,1707980416699965891,1707980416699965891,782462244406539978,7824622289452746890,S,9.530,50000,9.530,32874,9.520,34668,P_SUREKLI_ISLEM
92,bist,TSKB.E,1707980416699965891,1707980416699965891,782462244406539979,7824622289452747520,S,9.530,630,9.530,32244,9.520,34668,P_SUREKLI_ISLEM
93,bist,TSKB.E,1707980416699965891,1707980416699965891,782462244406539980,7824622289452752885,S,9.530,555,9.530,31689,9.520,34668,P_SUREKLI_ISLEM
94,bist,TSKB.E,1707980416699965891,1707980416699965891,782462244406539981,7824622289452752886,S,9.530,617,9.530,31072,9.520,34668,P_SUREKLI_ISLEM
95,bist,TSKB.E,1707980416699965891,1707980416699965891,782462244406539982,7824622289452759706,S,9.530,30000,9.530,1072,9.520,34668,P_SUREKLI_ISLEM
96,bist,TSKB.E,1707980416699965891,1707980416699965891,782462244406539983,7824622289452764365,S,9.530,582,9.530,490,9.520,34668,P_SUREKLI_ISLEM
97,bist,TSKB.E,1707980416699965891,1707980416699965891,782462244406539984,7824622289452765082,S,9.530,490,9.540,45130,9.520,34668,P_SUREKLI_ISLEM
98,bist,TSKB.E,1707980419282375848,1707980419282375848,782462244406541154,7824622289452824120,B,9.520,2102,9.530,31167,9.520,34166,P_SUREKLI_ISLEM
99,bist,TSKB.E,1707980423243067742,1707980423243067742,782462244406542099,7824622289452832250,S,9.530,2,9.530,31165,9.520,35166,P_SUREKLI_ISLEM
100,bist,TSKB.E,1707980424864221209,1707980424864221209,782462244406542383,7824622289452824120,B,9.520,32566,9.530,81165,9.520,2069,P_SUREKLI_ISLEM
101,bist,TSKB.E,1707980424864221209,1707980424864221209,782462244406542384,7824622289452824136,B,9.520,610,9.530,81165,9.520,1459,P_SUREKLI_ISLEM
102,bist,TSKB.E,1707980424864221209,1707980424864221209,782462244406542385,7824622289452824169,B,9.520,445,9.530,81165,9.520,1014,P_SUREKLI_ISLEM
103,bist,TSKB.E,1707980424864221209,1707980424864221209,782462244406542386,7824622289452824187,B,9.520,10,9.530,81165,9.520,1004,P_SUREKLI_ISLEM
104,bist,TSKB.E,1707980424864221209,1707980424864221209,782462244406542387,7824622289452824762,B,9.520,3,9.530,81165,9.520,1001,P_SUREKLI_ISLEM
105,bist,TSKB.E,1707980424864221209,1707980424864221209,782462244406542388,7824622289452437420,B,9.520,1,9.530,81165,9.520,1000,P_SUREKLI_ISLEM
106,bist,TSKB.E,1707980424864221209,1707980424864221209,782462244406542389,7824622289452846835,B,9.520,1000,9.530,81165,9.510,14463,P_SUREKLI_ISLEM
107,bist,TSKB.E,1707980432200655700,1707980432200655700,782462244406544257,7824622289452832250,S,9.530,26,9.530,83410,9.520,5500,P_SUREKLI_ISLEM
108,bist,TSKB.E,1707980432200695371,1707980432200695371,782462244406544258,7824622289452870534,B,9.520,1,9.530,83410,9.520,5499,P_SUREKLI_ISLEM
109,bist,TSKB.E,1707980432200705945,1707980432200705945,782462244406544259,7824622289452870534,B,9.520,716,9.530,83410,9.520,4783,P_SUREKLI_ISLEM
110,bist,TSKB.E,1707980432200714038,1707980432200714038,782462244406544260,7824622289452870534,B,9.520,4783,9.530,83410,9.510,12305,P_SUREKLI_ISLEM
111,bist,TSKB.E,1707980438688022072,1707980438688022072,782462244406545113,7824622289452832250,S,9.530,50,9.530,83900,9.510,14121,P_SUREKLI_ISLEM
112,bist,TSKB.E,1707980439456674379,1707980439456674379,782462244406545228,7824622289452885122,B,9.520,70,9.530,83900,9.510,14161,P_SUREKLI_ISLEM
113,bist,TSKB.E,1707980439801973498,1707980439801973498,782462244406545272,7824622289452832250,S,9.530,20,9.530,84136,9.510,14121,P_SUREKLI_ISLEM
114,bist,TSKB.E,1707980451996762702,1707980451996762702,782462244406547117,7824622289452909783,B,9.520,10,9.530,86371,9.510,44277,P_SUREKLI_ISLEM
115,bist,TSKB.E,1707980454153948756,1707980454153948756,782462244406547448,7824622289452384804,B,9.510,12,9.530,86371,9.510,42287,P_SUREKLI_ISLEM
116,bist,TSKB.E,1707980456226202839,1707980456226202839,782462244406547693,7824622289452919887,B,9.520,1000,9.530,86262,9.510,57841,P_SUREKLI_ISLEM
117,bist,TSKB.E,1707980456522436722,1707980456522436722,782462244406547717,7824622289452832250,S,9.530,40,9.530,86331,9.510,57841,P_SUREKLI_ISLEM
118,bist,TSKB.E,1707980462186397133,1707980462186397133,782462244406548503,7824622289452832250,S,9.530,1,9.530,86221,9.520,10000,P_SUREKLI_ISLEM
119,bist,TSKB.E,1707980470961203230,1707980470961203230,782462244406549829,7824622289452832250,S,9.530,4,9.530,83492,9.520,10075,P_SUREKLI_ISLEM
120,bist,TSKB.E,1707980470992285872,1707980470992285872,782462244406549833,7824622289452927140,B,9.520,10000,9.530,83492,9.520,75,P_SUREKLI_ISLEM
121,bist,TSKB.E,1707980470992285872,1707980470992285872,782462244406549834,7824622289452941855,B,9.520,75,9.530,83492,9.510,57327,P_SUREKLI_ISLEM
122,bist,TSKB.E,1707980470992450959,1707980470992450959,782462244406549835,7824622289452338475,S,9.520,13925,9.530,83582,9.510,57218,P_SUREKLI_ISLEM
123,bist,TSKB.E,1707980476165051069,1707980476165051069,782462244406550571,7824622289452959317,B,9.520,10,9.530,82547,9.510,59908,P_SUREKLI_ISLEM
124,bist,TSKB.E,1707980476165051069,1707980476165051069,782462244406550572,7824622289452384804,B,9.510,38,9.530,82547,9.510,59870,P_SUREKLI_ISLEM
125,bist,TSKB.E,1707980477508308732,1707980477508308732,782462244406550850,7824622289452832250,S,9.530,24,9.530,85211,9.520,2,P_SUREKLI_ISLEM
126,bist,TSKB.E,1707980480271567060,1707980480271567060,782462244406551348,7824622289452965336,B,9.520,2,9.530,84688,9.520,31090,P_SUREKLI_ISLEM
127,bist,TSKB.E,1707980480271567060,1707980480271567060,782462244406551349,7824622289452803428,B,9.520,347,9.530,84688,9.520,30743,P_SUREKLI_ISLEM
128,bist,TSKB.E,1707980481248855473,1707980481248855473,782462244406551661,7824622289452832250,S,9.530,1,9.530,82522,9.520,30743,P_SUREKLI_ISLEM
129,bist,TSKB.E,1707980485776784118,1707980485776784118,782462244406552339,7824622289452832250,S,9.530,1,9.530,82521,9.520,30743,P_SUREKLI_ISLEM
130,bist,TSKB.E,1707980486342279612,1707980486342279612,782462244406552445,7824622289452803428,B,9.520,1500,9.530,82521,9.520,29243,P_SUREKLI_ISLEM
131,bist,TSKB.E,1707980486874578753,1707980486874578753,782462244406552556,7824622289452803428,B,9.520,129,9.530,82521,9.520,29114,P_SUREKLI_ISLEM
132,bist,TSKB.E,1707980487663675557,1707980487663675557,782462244406552721,7824622289452832250,S,9.530,23,9.530,82498,9.520,29124,P_SUREKLI_ISLEM
133,bist,TSKB.E,1707980495549135724,1707980495549135724,782462244406554219,7824622289452832250,S,9.530,29808,9.530,52690,9.520,34124,P_SUREKLI_ISLEM
134,bist,TSKB.E,1707980495549135724,1707980495549135724,782462244406554220,7824622289452832259,S,9.530,210,9.530,52480,9.520,34124,P_SUREKLI_ISLEM
135,bist,TSKB.E,1707980495549135724,1707980495549135724,782462244406554221,7824622289452832261,S,9.530,405,9.530,52075,9.520,34124,P_SUREKLI_ISLEM
136,bist,TSKB.E,1707980495549135724,1707980495549135724,782462244406554222,7824622289452832264,S,9.530,552,9.530,51523,9.520,34124,P_SUREKLI_ISLEM
137,bist,TSKB.E,1707980495549135724,1707980495549135724,782462244406554223,7824622289452852270,S,9.530,26523,9.530,25000,9.520,34124,P_SUREKLI_ISLEM
138,bist,TSKB.E,1707980495549160671,1707980495549160671,782462244406554224,7824622289452852270,S,9.530,23477,9.530,1523,9.520,34124,P_SUREKLI_ISLEM
139,bist,TSKB.E,1707980495549160671,1707980495549160671,782462244406554225,7824622289452853205,S,9.530,481,9.530,1042,9.520,34124,P_SUREKLI_ISLEM
140,bist,TSKB.E,1707980495549160671,1707980495549160671,782462244406554226,7824622289452853207,S,9.530,726,9.530,316,9.520,34124,P_SUREKLI_ISLEM
141,bist,TSKB.E,1707980495549160671,1707980495549160671,782462244406554227,7824622289452885799,S,9.530,256,9.530,60,9.520,34124,P_SUREKLI_ISLEM
142,bist,TSKB.E,1707980495549160671,1707980495549160671,782462244406554228,7824622289452901980,S,9.530,50,9.530,10,9.520,34124,P_SUREKLI_ISLEM
143,bist,TSKB.E,1707980495549160671,1707980495549160671,782462244406554229,7824622289452918396,S,9.530,10,9.540,48523,9.520,34124,P_SUREKLI_ISLEM
144,bist,TSKB.E,1707980495553359357,1707980495553359357,782462244406554231,7824622289452338956,S,9.540,25,9.540,35330,9.530,5422,P_SUREKLI_ISLEM
145,bist,TSKB.E,1707980496966461154,1707980496966461154,782462244406554495,7824622289452338956,S,9.540,13,9.540,41792,9.530,5435,P_SUREKLI_ISLEM
146,bist,TSKB.E,1707980500407799104,1707980500407799104,782462244406555052,7824622289452386095,S,9.540,2,9.540,37828,9.530,155897,P_SUREKLI_ISLEM
147,bist,TSKB.E,1707980500407799104,1707980500407799104,782462244406555053,7824622289452390906,S,9.540,1,9.540,37827,9.530,155897,P_SUREKLI_ISLEM
148,bist,TSKB.E,1707980500407799104,1707980500407799104,782462244406555054,7824622289452584665,S,9.540,25000,9.540,12827,9.530,155897,P_SUREKLI_ISLEM
149,bist,TSKB.E,1707980500407799104,1707980500407799104,782462244406555055,7824622289452746862,S,9.540,481,9.540,12346,9.530,155897,P_SUREKLI_ISLEM
150,bist,TSKB.E,1707980500407799104,1707980500407799104,782462244406555056,7824622289452749773,S,9.540,5839,9.540,6507,9.530,155897,P_SUREKLI_ISLEM
151,bist,TSKB.E,1707980500407799104,1707980500407799104,782462244406555057,7824622289452947546,S,9.540,32,9.540,6475,9.530,155897,P_SUREKLI_ISLEM
152,bist,TSKB.E,1707980500407799104,1707980500407799104,782462244406555058,7824622289453002199,S,9.540,661,9.540,5814,9.530,155897,P_SUREKLI_ISLEM
153,bist,TSKB.E,1707980500407799104,1707980500407799104,782462244406555059,7824622289453004785,S,9.540,814,9.540,5000,9.530,155897,P_SUREKLI_ISLEM
154,bist,TSKB.E,1707980500407799104,1707980500407799104,782462244406555060,7824622289453004793,S,9.540,5000,9.550,55460,9.530,155897,P_SUREKLI_ISLEM
155,bist,TSKB.E,1707980500888572396,1707980500888572396,782462244406555095,7824622289453001469,B,9.530,5000,9.540,5731,9.530,152400,P_SUREKLI_ISLEM
156,bist,TSKB.E,1707980500888572396,1707980500888572396,782462244406555096,7824622289453001595,B,9.530,422,9.540,5731,9.530,151978,P_SUREKLI_ISLEM
157,bist,TSKB.E,1707980500888572396,1707980500888572396,782462244406555097,7824622289453002197,B,9.530,13,9.540,5731,9.530,151965,P_SUREKLI_ISLEM
158,bist,TSKB.E,1707980500888572396,1707980500888572396,782462244406555098,7824622289453012930,B,9.530,10,9.540,5731,9.530,151955,P_SUREKLI_ISLEM
159,bist,TSKB.E,1707980500888572396,1707980500888572396,782462244406555099,7824622289453013187,B,9.530,9055,9.540,5731,9.530,142900,P_SUREKLI_ISLEM
160,bist,TSKB.E,1707980506663944130,1707980506663944130,782462244406555985,7824622289453013226,S,9.540,853,9.540,2378,9.530,148900,P_SUREKLI_ISLEM
161,bist,TSKB.E,1707980506663944130,1707980506663944130,782462244406555986,7824622289453013227,S,9.540,878,9.540,1500,9.530,148900,P_SUREKLI_ISLEM
162,bist,TSKB.E,1707980506663944130,1707980506663944130,782462244406555987,7824622289453014940,S,9.540,1500,9.550,61259,9.530,148900,P_SUREKLI_ISLEM
163,bist,TSKB.E,1707980508428818145,1707980508428818145,782462244406556208,7824622289452338956,S,9.540,2000,9.540,3475,9.530,153900,P_SUREKLI_ISLEM
164,bist,TSKB.E,1707980508428818145,1707980508428818145,782462244406556209,7824622289452338957,S,9.540,2000,9.540,1475,9.530,153900,P_SUREKLI_ISLEM
165,bist,TSKB.E,1707980508428818145,1707980508428818145,782462244406556210,7824622289453027041,S,9.540,814,9.540,661,9.530,153900,P_SUREKLI_ISLEM
166,bist,TSKB.E,1707980508428818145,1707980508428818145,782462244406556211,7824622289453027042,S,9.540,661,9.550,56036,9.530,153900,P_SUREKLI_ISLEM
167,bist,TSKB.E,1707980508429202189,1707980508429202189,782462244406556212,7824622289452338958,S,9.550,24,9.550,52467,9.540,5000,P_SUREKLI_ISLEM
168,bist,TSKB.E,1707980512791846475,1707980512791846475,782462244406557031,7824622289453031197,B,9.540,2400,9.550,52137,9.540,5271,P_SUREKLI_ISLEM
169,bist,TSKB.E,1707980519642749304,1707980519642749304,782462244406558180,7824622289453031197,B,9.540,29,9.550,47137,9.540,8119,P_SUREKLI_ISLEM
170,bist,TSKB.E,1707980519987665795,1707980519987665795,782462244406558215,7824622289452386156,S,9.550,4,9.550,44612,9.540,35352,P_SUREKLI_ISLEM
171,bist,TSKB.E,1707980519987665795,1707980519987665795,782462244406558216,7824622289452390909,S,9.550,1,9.550,44611,9.540,35352,P_SUREKLI_ISLEM
172,bist,TSKB.E,1707980519987665795,1707980519987665795,782462244406558217,7824622289452584989,S,9.550,23019,9.550,21592,9.540,35352,P_SUREKLI_ISLEM
173,bist,TSKB.E,1707980519987696754,1707980519987696754,782462244406558218,7824622289452584989,S,9.550,1981,9.550,21611,9.540,35352,P_SUREKLI_ISLEM
174,bist,TSKB.E,1707980519987696754,1707980519987696754,782462244406558219,7824622289452607307,S,9.550,400,9.550,21211,9.540,35352,P_SUREKLI_ISLEM
175,bist,TSKB.E,1707980519987696754,1707980519987696754,782462244406558220,7824622289452616888,S,9.550,3000,9.550,18211,9.540,35352,P_SUREKLI_ISLEM
176,bist,TSKB.E,1707980519987696754,1707980519987696754,782462244406558221,7824622289452810456,S,9.550,1,9.550,18210,9.540,35352,P_SUREKLI_ISLEM
177,bist,TSKB.E,1707980519987696754,1707980519987696754,782462244406558222,7824622289452908476,S,9.550,12518,9.550,5692,9.540,35352,P_SUREKLI_ISLEM
178,bist,TSKB.E,1707980519987696754,1707980519987696754,782462244406558223,7824622289453013286,S,9.550,2079,9.550,3613,9.540,35352,P_SUREKLI_ISLEM
179,bist,TSKB.E,1707980519987696754,1707980519987696754,782462244406558224,7824622289453031195,S,9.550,702,9.550,2911,9.540,35352,P_SUREKLI_ISLEM
180,bist,TSKB.E,1707980519987696754,1707980519987696754,782462244406558225,7824622289453031196,S,9.550,911,9.550,2000,9.540,35352,P_SUREKLI_ISLEM
181,bist,TSKB.E,1707980519987734587,1707980519987734587,782462244406558226,7824622289452338958,S,9.550,2000,9.560,45776,9.540,35352,P_SUREKLI_ISLEM
182,bist,TSKB.E,1707980520487639209,1707980520487639209,782462244406558293,7824622289452338959,S,9.560,26,9.560,35719,9.550,5000,P_SUREKLI_ISLEM
183,bist,TSKB.E,1707980520737275698,1707980520737275698,782462244406558338,7824622289453060226,B,9.550,1307,9.560,30719,9.550,3693,P_SUREKLI_ISLEM
184,bist,TSKB.E,1707980520737490796,1707980520737490796,782462244406558340,7824622289453060226,B,9.550,3693,9.560,30719,9.540,52125,P_SUREKLI_ISLEM
185,bist,TSKB.E,1707980522693262093,1707980522693262093,782462244406558642,7824622289452338959,S,9.560,26,9.560,35095,9.550,10610,P_SUREKLI_ISLEM
186,bist,TSKB.E,1707980523375039802,1707980523375039802,782462244406558816,7824622289453063100,B,9.550,7,9.560,35095,9.550,11148,P_SUREKLI_ISLEM
187,bist,TSKB.E,1707980523375158252,1707980523375158252,782462244406558817,7824622289453063100,B,9.550,603,9.560,35095,9.550,10545,P_SUREKLI_ISLEM
188,bist,TSKB.E,1707980523375158252,1707980523375158252,782462244406558818,7824622289453063157,B,9.550,5000,9.560,35095,9.550,5545,P_SUREKLI_ISLEM
189,bist,TSKB.E,1707980523375158252,1707980523375158252,782462244406558819,7824622289453031180,B,9.550,5000,9.560,35095,9.550,545,P_SUREKLI_ISLEM
190,bist,TSKB.E,1707980523375158252,1707980523375158252,782462244406558820,7824622289453068844,B,9.550,545,9.560,35095,9.540,54358,P_SUREKLI_ISLEM
191,bist,TSKB.E,1707980527497847551,1707980527497847551,782462244406559484,7824622289453071239,S,9.550,1,9.550,17400,9.540,52138,P_SUREKLI_ISLEM
192,bist,TSKB.E,1707980529658461592,1707980529658461592,782462244406559837,7824622289453071239,S,9.550,1,9.550,35399,9.540,52138,P_SUREKLI_ISLEM
193,bist,TSKB.E,1707980529822136310,1707980529822136310,782462244406559964,7824622289453031197,B,9.540,2520,9.550,35399,9.540,49618,P_SUREKLI_ISLEM
194,bist,TSKB.E,1707980530196044591,1707980530196044591,782462244406560024,7824622289453071239,S,9.550,12899,9.550,22500,9.540,49618,P_SUREKLI_ISLEM
195,bist,TSKB.E,1707980530196044591,1707980530196044591,782462244406560025,7824622289453072460,S,9.550,904,9.550,21596,9.540,49618,P_SUREKLI_ISLEM
196,bist,TSKB.E,1707980530196044591,1707980530196044591,782462244406560026,7824622289453064784,S,9.550,1197,9.550,20399,9.540,49618,P_SUREKLI_ISLEM
197,bist,TSKB.E,1707980530998858568,1707980530998858568,782462244406560152,7824622289453064784,S,9.550,47,9.550,21278,9.540,77642,P_SUREKLI_ISLEM
198,bist,TSKB.E,1707980531805343830,1707980531805343830,782462244406560319,7824622289453064784,S,9.550,1,9.550,21277,9.540,77642,P_SUREKLI_ISLEM
199,bist,TSKB.E,1707980531990794308,1707980531990794308,782462244406560354,7824622289453031197,B,9.540,51,9.550,21277,9.540,77591,P_SUREKLI_ISLEM
200,bist,TSKB.E,1707980531990794308,1707980531990794308,782462244406560355,7824622289453044643,B,9.540,548,9.550,21277,9.540,77043,P_SUREKLI_ISLEM
201,bist,TSKB.E,1707980531990794308,1707980531990794308,782462244406560356,7824622289453052692,B,9.540,5000,9.550,21277,9.540,72043,P_SUREKLI_ISLEM
202,bist,TSKB.E,1707980531990794308,1707980531990794308,782462244406560357,7824622289453059679,B,9.540,12598,9.550,21277,9.540,59445,P_SUREKLI_ISLEM
203,bist,TSKB.E,1707980534056685140,1707980534056685140,782462244406560799,7824622289453064784,S,9.550,1,9.550,21276,9.540,69445,P_SUREKLI_ISLEM
204,bist,TSKB.E,1707980534661925526,1707980534661925526,782462244406560915,7824622289453064784,S,9.550,10,9.550,21266,9.540,81445,P_SUREKLI_ISLEM
205,bist,TSKB.E,1707980536090399879,1707980536090399879,782462244406561236,7824622289453064784,S,9.550,1,9.550,23525,9.540,81445,P_SUREKLI_ISLEM
206,bist,TSKB.E,1707980537970736748,1707980537970736748,782462244406561489,7824622289453064784,S,9.550,1401,9.550,22124,9.540,77874,P_SUREKLI_ISLEM
207,bist,TSKB.E,1707980537970736748,1707980537970736748,782462244406561490,7824622289453074294,S,9.550,938,9.550,21186,9.540,77874,P_SUREKLI_ISLEM
208,bist,TSKB.E,1707980537970736748,1707980537970736748,782462244406561491,7824622289453083862,S,9.550,17661,9.550,3525,9.540,77874,P_SUREKLI_ISLEM
209,bist,TSKB.E,1707980538460792795,1707980538460792795,782462244406561538,7824622289453083862,S,9.550,1,9.550,17183,9.540,77874,P_SUREKLI_ISLEM
210,bist,TSKB.E,1707980539365963331,1707980539365963331,782462244406561673,7824622289453083862,S,9.550,338,9.550,16845,9.540,77874,P_SUREKLI_ISLEM
211,bist,TSKB.E,1707980539365963331,1707980539365963331,782462244406561674,7824622289453089554,S,9.550,926,9.550,15919,9.540,77874,P_SUREKLI_ISLEM
212,bist,TSKB.E,1707980539365963331,1707980539365963331,782462244406561675,7824622289453100401,S,9.550,2260,9.550,13659,9.540,77874,P_SUREKLI_ISLEM
213,bist,TSKB.E,1707980539365963331,1707980539365963331,782462244406561676,7824622289453110095,S,9.550,1476,9.550,12183,9.540,77874,P_SUREKLI_ISLEM
214,bist,TSKB.E,1707980540063016696,1707980540063016696,782462244406561752,7824622289453059679,B,9.540,1214,9.550,12183,9.540,76660,P_SUREKLI_ISLEM
215,bist,TSKB.E,1707980542733035670,1707980542733035670,782462244406562047,7824622289453110095,S,9.550,1,9.550,63069,9.540,75541,P_SUREKLI_ISLEM
216,bist,TSKB.E,1707980543207664199,1707980543207664199,782462244406562111,7824622289453059679,B,9.540,6,9.550,63069,9.540,74488,P_SUREKLI_ISLEM
217,bist,TSKB.E,1707980545142248634,1707980545142248634,782462244406562501,7824622289453110095,S,9.550,1,9.550,63068,9.540,74488,P_SUREKLI_ISLEM
218,bist,TSKB.E,1707980545340789447,1707980545340789447,782462244406562534,7824622289453110095,S,9.550,1049,9.550,62019,9.540,74488,P_SUREKLI_ISLEM
219,bist,TSKB.E,1707980548161798226,1707980548161798226,782462244406562923,7824622289453110095,S,9.550,1,9.550,62018,9.540,74488,P_SUREKLI_ISLEM
220,bist,TSKB.E,1707980549318877383,1707980549318877383,782462244406563118,7824622289453110095,S,9.550,16,9.550,62002,9.540,74472,P_SUREKLI_ISLEM
221,bist,TSKB.E,1707980551972537932,1707980551972537932,782462244406563546,7824622289453110095,S,9.550,1,9.550,62001,9.540,74472,P_SUREKLI_ISLEM
222,bist,TSKB.E,1707980553559076466,1707980553559076466,782462244406563752,7824622289453110095,S,9.550,10356,9.550,51645,9.540,46448,P_SUREKLI_ISLEM
223,bist,TSKB.E,1707980553559076466,1707980553559076466,782462244406563753,7824622289453110173,S,9.550,758,9.550,50887,9.540,46448,P_SUREKLI_ISLEM
224,bist,TSKB.E,1707980553559076466,1707980553559076466,782462244406563754,7824622289453115398,S,9.550,887,9.550,50000,9.540,46448,P_SUREKLI_ISLEM
225,bist,TSKB.E,1707980553559076466,1707980553559076466,782462244406563755,7824622289453119497,S,9.550,16023,9.550,33977,9.540,46448,P_SUREKLI_ISLEM
226,bist,TSKB.E,1707980554181869740,1707980554181869740,782462244406563844,7824622289453119497,S,9.550,2,9.550,33975,9.540,46448,P_SUREKLI_ISLEM
227,bist,TSKB.E,1707980554364027854,1707980554364027854,782462244406563888,7824622289453119497,S,9.550,1,9.550,35698,9.540,46448,P_SUREKLI_ISLEM
228,bist,TSKB.E,1707980557333949804,1707980557333949804,782462244406564334,7824622289453059679,B,9.540,11182,9.550,37314,9.540,35266,P_SUREKLI_ISLEM
229,bist,TSKB.E,1707980557333949804,1707980557333949804,782462244406564335,7824622289453060312,B,9.540,606,9.550,37314,9.540,34660,P_SUREKLI_ISLEM
230,bist,TSKB.E,1707980557333949804,1707980557333949804,782462244406564336,7824622289453062729,B,9.540,12500,9.550,37314,9.540,22160,P_SUREKLI_ISLEM
231,bist,TSKB.E,1707980557333949804,1707980557333949804,782462244406564337,7824622289453072459,B,9.540,10,9.550,37314,9.540,22150,P_SUREKLI_ISLEM
232,bist,TSKB.E,1707980557333949804,1707980557333949804,782462244406564338,7824622289453075743,B,9.540,150,9.550,37314,9.540,22000,P_SUREKLI_ISLEM
233,bist,TSKB.E,1707980557333949804,1707980557333949804,782462244406564339,7824622289453096694,B,9.540,1050,9.550,37314,9.540,20950,P_SUREKLI_ISLEM
234,bist,TSKB.E,1707980557334003895,1707980557334003895,782462244406564340,7824622289453096694,B,9.540,8950,9.550,37314,9.540,12000,P_SUREKLI_ISLEM
235,bist,TSKB.E,1707980557334003895,1707980557334003895,782462244406564341,7824622289453098596,B,9.540,12000,9.550,37314,9.530,160346,P_SUREKLI_ISLEM
236,bist,TSKB.E,1707980559046492945,1707980559046492945,782462244406564521,7824622289453149667,S,9.540,2,9.540,14368,9.530,148459,P_SUREKLI_ISLEM
237,bist,TSKB.E,1707980561154671147,1707980561154671147,782462244406564865,7824622289453149667,S,9.540,2,9.540,14366,9.530,148459,P_SUREKLI_ISLEM
238,bist,TSKB.E,1707980563334009448,1707980563334009448,782462244406565170,7824622289453149667,S,9.540,2,9.540,14364,9.530,148459,P_SUREKLI_ISLEM
239,bist,TSKB.E,1707980563512928147,1707980563512928147,782462244406565407,7824622289453013187,B,9.530,120,9.540,14364,9.530,148339,P_SUREKLI_ISLEM
240,bist,TSKB.E,1707980563771367643,1707980563771367643,782462244406565437,7824622289453149667,S,9.540,10,9.540,14354,9.530,148339,P_SUREKLI_ISLEM
241,bist,TSKB.E,1707980564678358709,1707980564678358709,782462244406565585,7824622289453013187,B,9.530,26,9.540,37765,9.530,141810,P_SUREKLI_ISLEM
242,bist,TSKB.E,1707980564870934304,1707980564870934304,782462244406565628,7824622289453149667,S,9.540,3,9.540,37762,9.530,141810,P_SUREKLI_ISLEM
243,bist,TSKB.E,1707980565623728315,1707980565623728315,782462244406565807,7824622289453149667,S,9.540,2,9.540,37760,9.530,141810,P_SUREKLI_ISLEM
244,bist,TSKB.E,1707980568182647700,1707980568182647700,782462244406566105,7824622289453149667,S,9.540,2,9.540,37758,9.530,141810,P_SUREKLI_ISLEM
245,bist,TSKB.E,1707980569713222620,1707980569713222620,782462244406566365,7824622289453149667,S,9.540,12878,9.540,24880,9.530,156810,P_SUREKLI_ISLEM
246,bist,TSKB.E,1707980569713222620,1707980569713222620,782462244406566366,7824622289453149746,S,9.540,743,9.540,24137,9.530,156810,P_SUREKLI_ISLEM
247,bist,TSKB.E,1707980569713222620,1707980569713222620,782462244406566367,7824622289453149752,S,9.540,726,9.540,23411,9.530,156810,P_SUREKLI_ISLEM
248,bist,TSKB.E,1707980569713222620,1707980569713222620,782462244406566368,7824622289453162950,S,9.540,653,9.540,22758,9.530,156810,P_SUREKLI_ISLEM
249,bist,TSKB.E,1707980570694845176,1707980570694845176,782462244406566535,7824622289453162950,S,9.540,2,9.540,24182,9.530,156810,P_SUREKLI_ISLEM
250,bist,TSKB.E,1707980573614519685,1707980573614519685,782462244406566884,7824622289453162950,S,9.540,2,9.540,24180,9.530,156810,P_SUREKLI_ISLEM
251,bist,TSKB.E,1707980574393240066,1707980574393240066,782462244406566956,7824622289453162950,S,9.540,2000,9.540,22180,9.530,156810,P_SUREKLI_ISLEM
252,bist,TSKB.E,1707980576593649254,1707980576593649254,782462244406567317,7824622289453162950,S,9.540,2,9.540,22178,9.530,156810,P_SUREKLI_ISLEM
253,bist,TSKB.E,1707980579092522902,1707980579092522902,782462244406567892,7824622289453162950,S,9.540,2,9.540,22176,9.530,156810,P_SUREKLI_ISLEM
254,bist,TSKB.E,1707980581768642337,1707980581768642337,782462244406568581,7824622289453162950,S,9.540,2,9.540,48174,9.530,156810,P_SUREKLI_ISLEM
255,bist,TSKB.E,1707980582504688614,1707980582504688614,782462244406568693,7824622289453162950,S,9.540,1047,9.540,47127,9.530,156810,P_SUREKLI_ISLEM
256,bist,TSKB.E,1707980583201742747,1707980583201742747,782462244406568774,7824622289453162950,S,9.540,209,9.540,46918,9.530,156810,P_SUREKLI_ISLEM
257,bist,TSKB.E,1707980584377245644,1707980584377245644,782462244406568942,7824622289453162950,S,9.540,5,9.540,46913,9.530,156810,P_SUREKLI_ISLEM
258,bist,TSKB.E,1707980585970008578,1707980585970008578,782462244406569119,7824622289453162950,S,9.540,40,9.540,46873,9.530,156810,P_SUREKLI_ISLEM
259,bist,TSKB.E,1707980586571661212,1707980586571661212,782462244406569211,7824622289453162950,S,9.540,400,9.540,46473,9.530,156810,P_SUREKLI_ISLEM
260,bist,TSKB.E,1707980586580636119,1707980586580636119,782462244406569212,7824622289453162950,S,9.540,3,9.540,46470,9.530,156810,P_SUREKLI_ISLEM
261,bist,TSKB.E,1707980587276139955,1707980587276139955,782462244406569370,7824622289453162950,S,9.540,5,9.540,46465,9.530,156810,P_SUREKLI_ISLEM
262,bist,TSKB.E,1707980588891336295,1707980588891336295,782462244406569539,7824622289453162950,S,9.540,3,9.540,46462,9.530,156810,P_SUREKLI_ISLEM
263,bist,TSKB.E,1707980590132889919,1707980590132889919,782462244406569627,7824622289453162950,S,9.540,1,9.540,46461,9.530,156810,P_SUREKLI_ISLEM
264,bist,TSKB.E,1707980592987501428,1707980592987501428,782462244406570211,7824622289453013187,B,9.530,50000,9.540,46461,9.530,106810,P_SUREKLI_ISLEM
265,bist,TSKB.E,1707980592987515332,1707980592987515332,782462244406570212,7824622289453013187,B,9.530,9933,9.540,46461,9.530,96877,P_SUREKLI_ISLEM
266,bist,TSKB.E,1707980592987595317,1707980592987595317,782462244406570213,7824622289453013187,B,9.530,80866,9.540,46461,9.530,16011,P_SUREKLI_ISLEM
267,bist,TSKB.E,1707980592987595317,1707980592987595317,782462244406570214,7824622289453023475,B,9.530,1000,9.540,46461,9.530,15011,P_SUREKLI_ISLEM
268,bist,TSKB.E,1707980592987595317,1707980592987595317,782462244406570215,7824622289453042773,B,9.530,1,9.540,46461,9.530,15010,P_SUREKLI_ISLEM
269,bist,TSKB.E,1707980592987595317,1707980592987595317,782462244406570216,7824622289453054734,B,9.530,10,9.540,46461,9.530,15000,P_SUREKLI_ISLEM
270,bist,TSKB.E,1707980592987595317,1707980592987595317,782462244406570217,7824622289453172080,B,9.530,15000,9.540,46461,9.520,13250,P_SUREKLI_ISLEM
271,bist,TSKB.E,1707980593317299184,1707980593317299184,782462244406570274,7824622289452968084,B,9.520,26,9.530,23452,9.520,7634,P_SUREKLI_ISLEM
272,bist,TSKB.E,1707980593475893772,1707980593475893772,782462244406570290,7824622289453220764,S,9.530,3,9.530,25387,9.520,2175,P_SUREKLI_ISLEM
273,bist,TSKB.E,1707980596156839795,1707980596156839795,782462244406570760,7824622289452968084,B,9.520,24,9.530,25387,9.520,2151,P_SUREKLI_ISLEM
274,bist,TSKB.E,1707980596217072122,1707980596217072122,782462244406570765,7824622289453220764,S,9.530,1000,9.530,24387,9.520,2151,P_SUREKLI_ISLEM
275,bist,TSKB.E,1707980598805775603,1707980598805775603,782462244406571017,7824622289453220764,S,9.530,3,9.530,25401,9.520,2151,P_SUREKLI_ISLEM
276,bist,TSKB.E,1707980599394395188,1707980599394395188,782462244406571137,7824622289452968084,B,9.520,374,9.530,25401,9.520,1777,P_SUREKLI_ISLEM
277,bist,TSKB.E,1707980599414699921,1707980599414699921,782462244406571138,7824622289453220764,S,9.530,11895,9.530,13506,9.520,1777,P_SUREKLI_ISLEM
278,bist,TSKB.E,1707980599414699921,1707980599414699921,782462244406571139,7824622289452957353,S,9.530,7015,9.530,6491,9.520,1777,P_SUREKLI_ISLEM
279,bist,TSKB.E,1707980599414699921,1707980599414699921,782462244406571140,7824622289453220798,S,9.530,607,9.530,5884,9.520,1777,P_SUREKLI_ISLEM
280,bist,TSKB.E,1707980599414699921,1707980599414699921,782462244406571141,7824622289453220799,S,9.530,803,9.530,5081,9.520,1777,P_SUREKLI_ISLEM
281,bist,TSKB.E,1707980599414699921,1707980599414699921,782462244406571142,7824622289453220817,S,9.530,550,9.530,4531,9.520,1777,P_SUREKLI_ISLEM
282,bist,TSKB.E,1707980599414699921,1707980599414699921,782462244406571143,7824622289453222025,S,9.530,1576,9.530,2955,9.520,1777,P_SUREKLI_ISLEM
283,bist,TSKB.E,1707980599414699921,1707980599414699921,782462244406571144,7824622289453222028,S,9.530,631,9.530,2324,9.520,1777,P_SUREKLI_ISLEM
284,bist,TSKB.E,1707980599414699921,1707980599414699921,782462244406571145,7824622289453222031,S,9.530,210,9.530,2114,9.520,1777,P_SUREKLI_ISLEM
285,bist,TSKB.E,1707980599414699921,1707980599414699921,782462244406571146,7824622289453222036,S,9.530,558,9.530,1556,9.520,1777,P_SUREKLI_ISLEM
286,bist,TSKB.E,1707980599414699921,1707980599414699921,782462244406571147,7824622289453222038,S,9.530,539,9.530,1017,9.520,1777,P_SUREKLI_ISLEM
287,bist,TSKB.E,1707980599414699921,1707980599414699921,782462244406571148,7824622289453230073,S,9.530,448,9.530,569,9.520,1777,P_SUREKLI_ISLEM
288,bist,TSKB.E,1707980599414699921,1707980599414699921,782462244406571149,7824622289453232238,S,9.530,168,9.530,401,9.520,1777,P_SUREKLI_ISLEM
289,bist,TSKB.E,1707980601313673545,1707980601313673545,782462244406571579,7824622289453232238,S,9.530,3,9.530,398,9.520,31847,P_SUREKLI_ISLEM
290,bist,TSKB.E,1707980603720344033,1707980603720344033,782462244406572004,7824622289453232238,S,9.530,3,9.530,395,9.520,31847,P_SUREKLI_ISLEM
291,bist,TSKB.E,1707980610080564732,1707980610080564732,782462244406572732,7824622289453232238,S,9.530,100,9.530,295,9.520,32157,P_SUREKLI_ISLEM
292,bist,TSKB.E,1707980612811886621,1707980612811886621,782462244406572994,7824622289453232238,S,9.530,295,9.530,1,9.520,32157,P_SUREKLI_ISLEM
293,bist,TSKB.E,1707980612811886621,1707980612811886621,782462244406572995,7824622289453256340,S,9.530,1,9.540,58602,9.520,32157,P_SUREKLI_ISLEM
294,bist,TSKB.E,1707980612811886621,1707980612811886621,782462244406572996,7824622289453162950,S,9.540,228,9.540,58374,9.520,32157,P_SUREKLI_ISLEM
295,bist,TSKB.E,1707980619902863967,1707980619902863967,782462244406573867,7824622289453162950,S,9.540,1,9.540,57862,9.530,46,P_SUREKLI_ISLEM
296,bist,TSKB.E,1707980624489488582,1707980624489488582,782462244406574480,7824622289453162950,S,9.540,200,9.540,49190,9.530,15132,P_SUREKLI_ISLEM
297,bist,TSKB.E,1707980624489567183,1707980624489567183,782462244406574481,7824622289453162950,S,9.540,25,9.540,49165,9.530,15132,P_SUREKLI_ISLEM
298,bist,TSKB.E,1707980626263585602,1707980626263585602,782462244406574719,7824622289453162950,S,9.540,1,9.540,48593,9.530,23140,P_SUREKLI_ISLEM
299,bist,TSKB.E,1707980629585549815,1707980629585549815,782462244406575173,7824622289453162950,S,9.540,2797,9.540,45796,9.530,23140,P_SUREKLI_ISLEM
300,bist,TSKB.E,1707980640051007379,1707980640051007379,782462244406576364,7824622289453268666,B,9.530,46,9.540,45349,9.530,23104,P_SUREKLI_ISLEM
301,bist,TSKB.E,1707980640051007379,1707980640051007379,782462244406576365,7824622289453275788,B,9.530,954,9.540,45349,9.530,22150,P_SUREKLI_ISLEM
302,bist,TSKB.E,1707980640436871998,1707980640436871998,782462244406576414,7824622289453162950,S,9.540,135,9.540,44641,9.530,15142,P_SUREKLI_ISLEM
303,bist,TSKB.E,1707980646141687839,1707980646141687839,782462244406577600,7824622289453162950,S,9.540,4,9.540,44637,9.530,15142,P_SUREKLI_ISLEM
304,bist,TSKB.E,1707980666206274546,1707980666206274546,782462244406580220,7824622289453162950,S,9.540,2,9.540,45530,9.530,33511,P_SUREKLI_ISLEM
305,bist,TSKB.E,1707980668274465978,1707980668274465978,782462244406580440,7824622289453275788,B,9.530,5000,9.540,45530,9.530,28511,P_SUREKLI_ISLEM
306,bist,TSKB.E,1707980668579565542,1707980668579565542,782462244406580459,7824622289453162950,S,9.540,18,9.540,45512,9.530,28511,P_SUREKLI_ISLEM
307,bist,TSKB.E,1707980679459472889,1707980679459472889,782462244406581703,7824622289453162950,S,9.540,12213,9.540,32877,9.530,28511,P_SUREKLI_ISLEM
308,bist,TSKB.E,1707980679459472889,1707980679459472889,782462244406581704,7824622289453174150,S,9.540,765,9.540,32112,9.530,28511,P_SUREKLI_ISLEM
309,bist,TSKB.E,1707980679459472889,1707980679459472889,782462244406581705,7824622289453174152,S,9.540,661,9.540,31451,9.530,28511,P_SUREKLI_ISLEM
310,bist,TSKB.E,1707980679459472889,1707980679459472889,782462244406581706,7824622289452338480,S,9.540,15361,9.540,16090,9.530,28511,P_SUREKLI_ISLEM
311,bist,TSKB.E,1707980679459516077,1707980679459516077,782462244406581707,7824622289452338480,S,9.540,10639,9.540,5451,9.530,28511,P_SUREKLI_ISLEM
312,bist,TSKB.E,1707980679459516077,1707980679459516077,782462244406581708,7824622289453222061,S,9.540,3905,9.540,1546,9.530,28511,P_SUREKLI_ISLEM
313,bist,TSKB.E,1707980679459516077,1707980679459516077,782462244406581709,7824622289453228829,S,9.540,32,9.540,1514,9.530,28511,P_SUREKLI_ISLEM
314,bist,TSKB.E,1707980679459516077,1707980679459516077,782462244406581710,7824622289453230072,S,9.540,610,9.540,904,9.530,28511,P_SUREKLI_ISLEM
315,bist,TSKB.E,1707980679459516077,1707980679459516077,782462244406581711,7824622289453337382,S,9.540,891,9.540,13,9.530,28511,P_SUREKLI_ISLEM
316,bist,TSKB.E,1707980679459516077,1707980679459516077,782462244406581712,7824622289453355345,S,9.540,4,9.540,9,9.530,28511,P_SUREKLI_ISLEM
317,bist,TSKB.E,1707980679459516077,1707980679459516077,782462244406581713,7824622289453365610,S,9.540,9,9.550,42389,9.530,28511,P_SUREKLI_ISLEM
318,bist,TSKB.E,1707980682352307957,1707980682352307957,782462244406582382,7824622289453379829,B,9.540,1140,9.550,37724,9.540,31764,P_SUREKLI_ISLEM
319,bist,TSKB.E,1707980683710406206,1707980683710406206,782462244406582551,7824622289453379829,B,9.540,317,9.550,37724,9.540,31447,P_SUREKLI_ISLEM
320,bist,TSKB.E,1707980685950816401,1707980685950816401,782462244406582762,7824622289453119497,S,9.550,90,9.550,37634,9.540,31447,P_SUREKLI_ISLEM
321,bist,TSKB.E,1707980686516487279,1707980686516487279,782462244406582834,7824622289453379829,B,9.540,200,9.550,37634,9.540,31247,P_SUREKLI_ISLEM
322,bist,TSKB.E,1707980694101019814,1707980694101019814,782462244406583646,7824622289453119497,S,9.550,10,9.550,37624,9.540,31257,P_SUREKLI_ISLEM
323,bist,TSKB.E,1707980698150821074,1707980698150821074,782462244406584179,7824622289453119497,S,9.550,3676,9.550,33948,9.540,31357,P_SUREKLI_ISLEM
324,bist,TSKB.E,1707980698863760745,1707980698863760745,782462244406584301,7824622289453119497,S,9.550,100,9.550,33422,9.540,31357,P_SUREKLI_ISLEM
325,bist,TSKB.E,1707980700382733316,1707980700382733316,782462244406584528,7824622289453119497,S,9.550,52,9.550,34995,9.540,31357,P_SUREKLI_ISLEM
326,bist,TSKB.E,1707980705952706923,1707980705952706923,782462244406585878,7824622289453119497,S,9.550,15,9.550,34980,9.540,31357,P_SUREKLI_ISLEM
327,bist,TSKB.E,1707980706274309607,1707980706274309607,782462244406585902,7824622289453119497,S,9.550,5000,9.550,29980,9.540,31357,P_SUREKLI_ISLEM
328,bist,TSKB.E,1707980707259021471,1707980707259021471,782462244406586164,7824622289453119497,S,9.550,1,9.550,29979,9.540,31357,P_SUREKLI_ISLEM
329,bist,TSKB.E,1707980720626486663,1707980720626486663,782462244406588176,7824622289453119497,S,9.550,10,9.550,29969,9.540,31707,P_SUREKLI_ISLEM
330,bist,TSKB.E,1707980724262691764,1707980724262691764,782462244406588655,7824622289453119497,S,9.550,500,9.550,29469,9.540,31707,P_SUREKLI_ISLEM
331,bist,TSKB.E,1707980731927247022,1707980731927247022,782462244406589621,7824622289453119497,S,9.550,24520,9.550,4950,9.540,31707,P_SUREKLI_ISLEM
332,bist,TSKB.E,1707980731927247022,1707980731927247022,782462244406589622,7824622289453254858,S,9.550,50,9.550,4900,9.540,31707,P_SUREKLI_ISLEM
333,bist,TSKB.E,1707980731927247022,1707980731927247022,782462244406589623,7824622289453379866,S,9.550,719,9.550,4181,9.540,31707,P_SUREKLI_ISLEM
334,bist,TSKB.E,1707980731927247022,1707980731927247022,782462244406589624,7824622289453379867,S,9.550,939,9.550,3242,9.540,31707,P_SUREKLI_ISLEM
335,bist,TSKB.E,1707980731927247022,1707980731927247022,782462244406589625,7824622289453145125,S,9.550,3241,9.550,1,9.540,31707,P_SUREKLI_ISLEM
336,bist,TSKB.E,1707980731927247022,1707980731927247022,782462244406589626,7824622289453498985,S,9.550,1,9.560,36908,9.540,31707,P_SUREKLI_ISLEM
337,bist,TSKB.E,1707980731927962320,1707980731927962320,782462244406589627,7824622289452338959,S,9.560,26,9.560,33279,9.540,39944,P_SUREKLI_ISLEM
338,bist,TSKB.E,1707980732393178996,1707980732393178996,782462244406589690,7824622289452338959,S,9.560,24,9.560,30233,9.550,40,P_SUREKLI_ISLEM
339,bist,TSKB.E,1707980734184909417,1707980734184909417,782462244406590014,7824622289453499912,B,9.550,1,9.560,29668,9.550,584,P_SUREKLI_ISLEM
340,bist,TSKB.E,1707980736531882885,1707980736531882885,782462244406590329,7824622289453499912,B,9.550,1,9.560,29066,9.550,13484,P_SUREKLI_ISLEM
341,bist,TSKB.E,1707980738813924115,1707980738813924115,782462244406590686,7824622289453499912,B,9.550,1,9.560,29066,9.550,13483,P_SUREKLI_ISLEM
342,bist,TSKB.E,1707980741121063116,1707980741121063116,782462244406590873,7824622289453499912,B,9.550,1,9.560,29066,9.550,13522,P_SUREKLI_ISLEM
343,bist,TSKB.E,1707980743516938494,1707980743516938494,782462244406591087,7824622289453499912,B,9.550,1,9.560,29066,9.550,13696,P_SUREKLI_ISLEM
344,bist,TSKB.E,1707980745739102120,1707980745739102120,782462244406591356,7824622289453499912,B,9.550,1,9.560,29066,9.550,13695,P_SUREKLI_ISLEM
345,bist,TSKB.E,1707980748051906962,1707980748051906962,782462244406591705,7824622289453499912,B,9.550,1,9.560,29066,9.550,13694,P_SUREKLI_ISLEM
346,bist,TSKB.E,1707980750183814594,1707980750183814594,782462244406591918,7824622289453499912,B,9.550,1,9.560,29066,9.550,14689,P_SUREKLI_ISLEM
347,bist,TSKB.E,1707980758163702182,1707980758163702182,782462244406592807,7824622289453499912,B,9.550,2,9.560,29066,9.550,14846,P_SUREKLI_ISLEM
348,bist,TSKB.E,1707980767083062553,1707980767083062553,782462244406593851,7824622289453499912,B,9.550,30,9.560,29494,9.550,14817,P_SUREKLI_ISLEM
349,bist,TSKB.E,1707980767083062553,1707980767083062553,782462244406593852,7824622289453504427,B,9.550,545,9.560,29494,9.550,14272,P_SUREKLI_ISLEM
350,bist,TSKB.E,1707980767083062553,1707980767083062553,782462244406593853,7824622289453509662,B,9.550,12901,9.560,29494,9.550,1371,P_SUREKLI_ISLEM
351,bist,TSKB.E,1707980767083062553,1707980767083062553,782462244406593854,7824622289453519119,B,9.550,40,9.560,29494,9.550,1331,P_SUREKLI_ISLEM
352,bist,TSKB.E,1707980767083062553,1707980767083062553,782462244406593855,7824622289453519249,B,9.550,150,9.560,29494,9.550,1181,P_SUREKLI_ISLEM
353,bist,TSKB.E,1707980767083062553,1707980767083062553,782462244406593856,7824622289453421678,B,9.550,25,9.560,29494,9.550,1156,P_SUREKLI_ISLEM
354,bist,TSKB.E,1707980767083062553,1707980767083062553,782462244406593857,7824622289453533071,B,9.550,996,9.560,29494,9.550,160,P_SUREKLI_ISLEM
355,bist,TSKB.E,1707980767083062553,1707980767083062553,782462244406593858,7824622289453535714,B,9.550,55,9.560,29494,9.550,105,P_SUREKLI_ISLEM
356,bist,TSKB.E,1707980767083062553,1707980767083062553,782462244406593859,7824622289453539383,B,9.550,104,9.560,29494,9.550,1,P_SUREKLI_ISLEM
357,bist,TSKB.E,1707980767083062553,1707980767083062553,782462244406593860,7824622289453561476,B,9.550,1,9.560,29494,9.540,48346,P_SUREKLI_ISLEM
358,bist,TSKB.E,1707980767083439674,1707980767083439674,782462244406593861,7824622289453562960,S,9.550,5153,9.560,29494,9.540,42079,P_SUREKLI_ISLEM
359,bist,TSKB.E,1707980774496078454,1707980774496078454,782462244406595186,7824622289452338959,S,9.560,21,9.560,30106,9.550,9708,P_SUREKLI_ISLEM
360,bist,TSKB.E,1707980777802773468,1707980777802773468,782462244406595612,7824622289453563027,B,9.550,236,9.560,30107,9.550,9472,P_SUREKLI_ISLEM
361,bist,TSKB.E,1707980787137153710,1707980787137153710,782462244406597212,7824622289452384015,S,9.560,10,9.560,28224,9.550,32169,P_SUREKLI_ISLEM
362,bist,TSKB.E,1707980787137153710,1707980787137153710,782462244406597213,7824622289452390911,S,9.560,2,9.560,28222,9.550,32169,P_SUREKLI_ISLEM
363,bist,TSKB.E,1707980787137153710,1707980787137153710,782462244406597214,7824622289452585628,S,9.560,25000,9.560,3222,9.550,32169,P_SUREKLI_ISLEM
364,bist,TSKB.E,1707980787137153710,1707980787137153710,782462244406597215,7824622289452845967,S,9.560,1000,9.560,2222,9.550,32169,P_SUREKLI_ISLEM
365,bist,TSKB.E,1707980787137153710,1707980787137153710,782462244406597216,7824622289453472251,S,9.560,32,9.560,2190,9.550,32169,P_SUREKLI_ISLEM
366,bist,TSKB.E,1707980787137153710,1707980787137153710,782462244406597217,7824622289453499016,S,9.560,922,9.560,1268,9.550,32169,P_SUREKLI_ISLEM
367,bist,TSKB.E,1707980787137153710,1707980787137153710,782462244406597218,7824622289453499020,S,9.560,202,9.560,1066,9.550,32169,P_SUREKLI_ISLEM
368,bist,TSKB.E,1707980787137153710,1707980787137153710,782462244406597219,7824622289453551677,S,9.560,428,9.560,638,9.550,32169,P_SUREKLI_ISLEM
369,bist,TSKB.E,1707980787137153710,1707980787137153710,782462244406597220,7824622289453563011,S,9.560,527,9.560,111,9.550,32169,P_SUREKLI_ISLEM
370,bist,TSKB.E,1707980787137518268,1707980787137518268,782462244406597222,7824622289453563011,S,9.560,103,9.560,2008,9.550,32169,P_SUREKLI_ISLEM
371,bist,TSKB.E,1707980787137518268,1707980787137518268,782462244406597223,7824622289453567765,S,9.560,1,9.560,2007,9.550,32169,P_SUREKLI_ISLEM
372,bist,TSKB.E,1707980787137518268,1707980787137518268,782462244406597224,7824622289453576682,S,9.560,1,9.560,2006,9.550,32169,P_SUREKLI_ISLEM
373,bist,TSKB.E,1707980787137518268,1707980787137518268,782462244406597225,7824622289453583376,S,9.560,1,9.560,2005,9.550,32169,P_SUREKLI_ISLEM
374,bist,TSKB.E,1707980787137518268,1707980787137518268,782462244406597226,7824622289453586309,S,9.560,1,9.560,2004,9.550,32169,P_SUREKLI_ISLEM
375,bist,TSKB.E,1707980787137518268,1707980787137518268,782462244406597227,7824622289453590177,S,9.560,1,9.560,2003,9.550,32169,P_SUREKLI_ISLEM
376,bist,TSKB.E,1707980787137518268,1707980787137518268,782462244406597228,7824622289453593682,S,9.560,1,9.560,2002,9.550,32169,P_SUREKLI_ISLEM
377,bist,TSKB.E,1707980787137518268,1707980787137518268,782462244406597229,7824622289453598787,S,9.560,1,9.560,2001,9.550,32169,P_SUREKLI_ISLEM
378,bist,TSKB.E,1707980787137518268,1707980787137518268,782462244406597230,7824622289453603217,S,9.560,1,9.560,2000,9.550,32169,P_SUREKLI_ISLEM
379,bist,TSKB.E,1707980787137518268,1707980787137518268,782462244406597231,7824622289452338959,S,9.560,889,9.560,1111,9.550,32169,P_SUREKLI_ISLEM
380,bist,TSKB.E,1707980789251135182,1707980789251135182,782462244406597473,7824622289453563027,B,9.550,1591,9.560,2801,9.550,30578,P_SUREKLI_ISLEM
381,bist,TSKB.E,1707980790090481117,1707980790090481117,782462244406597601,7824622289453563027,B,9.550,1200,9.560,12470,9.550,29878,P_SUREKLI_ISLEM
382,bist,TSKB.E,1707980796390425074,1707980796390425074,782462244406598430,7824622289453611377,S,9.560,1689,9.560,4,9.550,32882,P_SUREKLI_ISLEM
383,bist,TSKB.E,1707980796390425074,1707980796390425074,782462244406598431,7824622289453611555,S,9.560,1,9.560,3,9.550,32882,P_SUREKLI_ISLEM
384,bist,TSKB.E,1707980796390425074,1707980796390425074,782462244406598432,7824622289453614908,S,9.560,1,9.560,2,9.550,32882,P_SUREKLI_ISLEM
385,bist,TSKB.E,1707980796390425074,1707980796390425074,782462244406598433,7824622289453624036,S,9.560,2,9.570,36349,9.550,32882,P_SUREKLI_ISLEM
386,bist,TSKB.E,1707980796390525608,1707980796390525608,782462244406598434,7824622289452338959,S,9.560,2000,9.570,36349,9.550,32882,P_SUREKLI_ISLEM
387,bist,TSKB.E,1707980796397944055,1707980796397944055,782462244406598441,7824622289452338960,S,9.570,25,9.570,31983,9.560,7668,P_SUREKLI_ISLEM
388,bist,TSKB.E,1707980796745648410,1707980796745648410,782462244406598503,7824622289453627175,B,9.560,2,9.570,31230,9.560,8274,P_SUREKLI_ISLEM
389,bist,TSKB.E,1707980797410770551,1707980797410770551,782462244406598555,7824622289453627175,B,9.560,112,9.570,31230,9.560,13178,P_SUREKLI_ISLEM
390,bist,TSKB.E,1707980798300664526,1707980798300664526,782462244406598675,7824622289453627175,B,9.560,30,9.570,31230,9.560,13148,P_SUREKLI_ISLEM
391,bist,TSKB.E,1707980798911968583,1707980798911968583,782462244406598726,7824622289453627175,B,9.560,2,9.570,30636,9.560,13146,P_SUREKLI_ISLEM
392,bist,TSKB.E,1707980799082539632,1707980799082539632,782462244406598742,7824622289453627175,B,9.560,18,9.570,30636,9.560,13128,P_SUREKLI_ISLEM
393,bist,TSKB.E,1707980799960095062,1707980799960095062,782462244406598865,7824622289453627175,B,9.560,628,9.570,30636,9.560,7484,P_SUREKLI_ISLEM
394,bist,TSKB.E,1707980801131378170,1707980801131378170,782462244406598982,7824622289453627175,B,9.560,2,9.570,30636,9.560,7482,P_SUREKLI_ISLEM
395,bist,TSKB.E,1707980801296850546,1707980801296850546,782462244406598990,7824622289453627175,B,9.560,38,9.570,30636,9.560,7444,P_SUREKLI_ISLEM
396,bist,TSKB.E,1707980803281795790,1707980803281795790,782462244406599236,7824622289453627175,B,9.560,2,9.570,30636,9.560,7442,P_SUREKLI_ISLEM
397,bist,TSKB.E,1707980805443402983,1707980805443402983,782462244406599626,7824622289453627175,B,9.560,2,9.570,30081,9.560,7440,P_SUREKLI_ISLEM
398,bist,TSKB.E,1707980806300181435,1707980806300181435,782462244406599754,7824622289453627175,B,9.560,1898,9.570,30081,9.560,5542,P_SUREKLI_ISLEM
399,bist,TSKB.E,1707980806636389778,1707980806636389778,782462244406599803,7824622289452338960,S,9.570,500,9.570,29581,9.560,5542,P_SUREKLI_ISLEM
400,bist,TSKB.E,1707980808214594466,1707980808214594466,782462244406599954,7824622289453627175,B,9.560,2,9.570,29581,9.560,5540,P_SUREKLI_ISLEM
401,bist,TSKB.E,1707980810690815080,1707980810690815080,782462244406600282,7824622289453627175,B,9.560,2,9.570,29581,9.560,5538,P_SUREKLI_ISLEM
402,bist,TSKB.E,1707980813385508629,1707980813385508629,782462244406600621,7824622289452338960,S,9.570,5,9.570,29576,9.560,5538,P_SUREKLI_ISLEM
403,bist,TSKB.E,1707980815500971037,1707980815500971037,782462244406600853,7824622289453627175,B,9.560,2,9.570,29576,9.560,20648,P_SUREKLI_ISLEM
404,bist,TSKB.E,1707980815868162388,1707980815868162388,782462244406600906,7824622289453627175,B,9.560,2,9.570,29576,9.560,20646,P_SUREKLI_ISLEM
405,bist,TSKB.E,1707980816189362877,1707980816189362877,782462244406600930,7824622289453627175,B,9.560,2,9.570,29576,9.560,20644,P_SUREKLI_ISLEM
406,bist,TSKB.E,1707980816411344779,1707980816411344779,782462244406600954,7824622289453627175,B,9.560,2,9.570,29576,9.560,20642,P_SUREKLI_ISLEM
407,bist,TSKB.E,1707980816696443227,1707980816696443227,782462244406601069,7824622289453627175,B,9.560,2,9.570,29576,9.560,20640,P_SUREKLI_ISLEM
408,bist,TSKB.E,1707980816838361219,1707980816838361219,782462244406601078,7824622289453627175,B,9.560,2,9.570,29576,9.560,20638,P_SUREKLI_ISLEM
409,bist,TSKB.E,1707980817260002686,1707980817260002686,782462244406601144,7824622289453627175,B,9.560,2,9.570,29576,9.560,20636,P_SUREKLI_ISLEM
410,bist,TSKB.E,1707980821600509939,1707980821600509939,782462244406601829,7824622289452386157,S,9.570,4,9.570,28102,9.560,20636,P_SUREKLI_ISLEM
411,bist,TSKB.E,1707980821600509939,1707980821600509939,782462244406601830,7824622289452390918,S,9.570,2,9.570,28100,9.560,20636,P_SUREKLI_ISLEM
412,bist,TSKB.E,1707980821600509939,1707980821600509939,782462244406601831,7824622289452586149,S,9.570,18524,9.570,9576,9.560,20636,P_SUREKLI_ISLEM
413,bist,TSKB.E,1707980822404606256,1707980822404606256,782462244406601955,7824622289452586149,S,9.570,1161,9.570,10415,9.560,20636,P_SUREKLI_ISLEM
414,bist,TSKB.E,1707980822404688184,1707980822404688184,782462244406601956,7824622289452586149,S,9.570,5315,9.570,5100,9.560,20636,P_SUREKLI_ISLEM
415,bist,TSKB.E,1707980822404688184,1707980822404688184,782462244406601957,7824622289452618413,S,9.570,2000,9.570,3100,9.560,20636,P_SUREKLI_ISLEM
416,bist,TSKB.E,1707980822404688184,1707980822404688184,782462244406601958,7824622289452883453,S,9.570,1000,9.570,2100,9.560,20636,P_SUREKLI_ISLEM
417,bist,TSKB.E,1707980822404688184,1707980822404688184,782462244406601959,7824622289453283963,S,9.570,10,9.570,2090,9.560,20636,P_SUREKLI_ISLEM
418,bist,TSKB.E,1707980822404688184,1707980822404688184,782462244406601960,7824622289453409832,S,9.570,10,9.570,2080,9.560,20636,P_SUREKLI_ISLEM
419,bist,TSKB.E,1707980822404688184,1707980822404688184,782462244406601961,7824622289453587173,S,9.570,80,9.570,2000,9.560,20636,P_SUREKLI_ISLEM
420,bist,TSKB.E,1707980822404840384,1707980822404840384,782462244406601963,7824622289452338960,S,9.570,1000,9.570,1000,9.560,27944,P_SUREKLI_ISLEM
421,bist,TSKB.E,1707980822415157239,1707980822415157239,782462244406601966,7824622289452338960,S,9.570,1000,9.580,40527,9.560,29650,P_SUREKLI_ISLEM
422,bist,TSKB.E,1707980822487553361,1707980822487553361,782462244406601973,7824622289452338961,S,9.580,25,9.580,33613,9.570,17418,P_SUREKLI_ISLEM
423,bist,TSKB.E,1707980823251592857,1707980823251592857,782462244406602098,7824622289453679355,B,9.570,3,9.580,33613,9.570,17415,P_SUREKLI_ISLEM
424,bist,TSKB.E,1707980823794933536,1707980823794933536,782462244406602151,7824622289452386159,S,9.580,8,9.580,29617,9.570,17415,P_SUREKLI_ISLEM
425,bist,TSKB.E,1707980823794933536,1707980823794933536,782462244406602152,7824622289452390922,S,9.580,2,9.580,29615,9.570,17415,P_SUREKLI_ISLEM
426,bist,TSKB.E,1707980823794933536,1707980823794933536,782462244406602153,7824622289452586916,S,9.580,16515,9.580,13100,9.570,17415,P_SUREKLI_ISLEM
427,bist,TSKB.E,1707980824529110396,1707980824529110396,782462244406602295,7824622289452586916,S,9.580,8485,9.580,8115,9.570,10267,P_SUREKLI_ISLEM
428,bist,TSKB.E,1707980824529110396,1707980824529110396,782462244406602296,7824622289452775684,S,9.580,3500,9.580,4615,9.570,10267,P_SUREKLI_ISLEM
429,bist,TSKB.E,1707980824529110396,1707980824529110396,782462244406602297,7824622289452894414,S,9.580,1000,9.580,3615,9.570,10267,P_SUREKLI_ISLEM
430,bist,TSKB.E,1707980824529110396,1707980824529110396,782462244406602298,7824622289453265504,S,9.580,100,9.580,3515,9.570,10267,P_SUREKLI_ISLEM
431,bist,TSKB.E,1707980824529110396,1707980824529110396,782462244406602299,7824622289453409958,S,9.580,15,9.580,3500,9.570,10267,P_SUREKLI_ISLEM
432,bist,TSKB.E,1707980824529110396,1707980824529110396,782462244406602301,7824622289452338980,S,9.580,1400,9.580,100,9.570,10267,P_SUREKLI_ISLEM
433,bist,TSKB.E,1707980824529395673,1707980824529395673,782462244406602306,7824622289452338980,S,9.580,1500,9.580,2000,9.570,11784,P_SUREKLI_ISLEM
434,bist,TSKB.E,1707980824529395673,1707980824529395673,782462244406602307,7824622289452338961,S,9.580,2000,9.590,36082,9.570,11784,P_SUREKLI_ISLEM
435,bist,TSKB.E,1707980825834048061,1707980825834048061,782462244406602633,7824622289452341470,S,9.590,9000,9.590,13174,9.580,11788,P_SUREKLI_ISLEM
436,bist,TSKB.E,1707980825834048061,1707980825834048061,782462244406602634,7824622289452342343,S,9.590,2000,9.590,11174,9.580,11788,P_SUREKLI_ISLEM
437,bist,TSKB.E,1707980825834048061,1707980825834048061,782462244406602635,7824622289452386160,S,9.590,1,9.590,11173,9.580,11788,P_SUREKLI_ISLEM
438,bist,TSKB.E,1707980825834048061,1707980825834048061,782462244406602636,7824622289452390926,S,9.590,2,9.590,11171,9.580,11788,P_SUREKLI_ISLEM
439,bist,TSKB.E,1707980825834048061,1707980825834048061,782462244406602637,7824622289452425998,S,9.590,1,9.590,11170,9.580,11788,P_SUREKLI_ISLEM
440,bist,TSKB.E,1707980825834048061,1707980825834048061,782462244406602638,7824622289452905717,S,9.590,1000,9.590,10170,9.580,11788,P_SUREKLI_ISLEM
441,bist,TSKB.E,1707980825834048061,1707980825834048061,782462244406602639,7824622289452939965,S,9.590,10,9.590,10160,9.580,11788,P_SUREKLI_ISLEM
442,bist,TSKB.E,1707980825834048061,1707980825834048061,782462244406602640,7824622289452972976,S,9.590,10,9.590,10150,9.580,11788,P_SUREKLI_ISLEM
443,bist,TSKB.E,1707980825834048061,1707980825834048061,782462244406602641,7824622289453041392,S,9.590,10,9.590,10140,9.580,11788,P_SUREKLI_ISLEM
444,bist,TSKB.E,1707980825834048061,1707980825834048061,782462244406602642,7824622289453111684,S,9.590,10,9.590,10130,9.580,11788,P_SUREKLI_ISLEM
445,bist,TSKB.E,1707980825834048061,1707980825834048061,782462244406602643,7824622289453174147,S,9.590,20,9.590,10110,9.580,11788,P_SUREKLI_ISLEM
446,bist,TSKB.E,1707980825834048061,1707980825834048061,782462244406602644,7824622289453202080,S,9.590,70,9.590,10040,9.580,11788,P_SUREKLI_ISLEM
447,bist,TSKB.E,1707980825834048061,1707980825834048061,782462244406602645,7824622289453213359,S,9.590,40,9.590,10000,9.580,11788,P_SUREKLI_ISLEM
448,bist,TSKB.E,1707980825834048061,1707980825834048061,782462244406602646,7824622289453250740,S,9.590,1826,9.590,8174,9.580,11788,P_SUREKLI_ISLEM
449,bist,TSKB.E,1707980826351286886,1707980826351286886,782462244406602698,7824622289453684884,B,9.580,490,9.590,16199,9.580,18011,P_SUREKLI_ISLEM
450,bist,TSKB.E,1707980826351286886,1707980826351286886,782462244406602699,7824622289453685064,B,9.580,210,9.590,16199,9.580,17801,P_SUREKLI_ISLEM
451,bist,TSKB.E,1707980826351286886,1707980826351286886,782462244406602700,7824622289453685795,B,9.580,320,9.590,16199,9.580,17481,P_SUREKLI_ISLEM
452,bist,TSKB.E,1707980826351400643,1707980826351400643,782462244406602701,7824622289453685795,B,9.580,218,9.590,16199,9.580,14186,P_SUREKLI_ISLEM
453,bist,TSKB.E,1707980826351400643,1707980826351400643,782462244406602702,7824622289453685800,B,9.580,9668,9.590,16199,9.580,4518,P_SUREKLI_ISLEM
454,bist,TSKB.E,1707980826351400643,1707980826351400643,782462244406602703,7824622289453686304,B,9.580,882,9.590,16199,9.580,3636,P_SUREKLI_ISLEM
455,bist,TSKB.E,1707980826351400643,1707980826351400643,782462244406602704,7824622289453686333,B,9.580,528,9.590,16199,9.580,3108,P_SUREKLI_ISLEM
456,bist,TSKB.E,1707980826351400643,1707980826351400643,782462244406602705,7824622289453686436,B,9.580,748,9.590,16199,9.580,2360,P_SUREKLI_ISLEM
457,bist,TSKB.E,1707980826351400643,1707980826351400643,782462244406602706,7824622289453687103,B,9.580,2360,9.590,16199,9.570,25996,P_SUREKLI_ISLEM
458,bist,TSKB.E,1707980826351628834,1707980826351628834,782462244406602707,7824622289453687106,B,9.580,566,9.590,16199,9.570,20505,P_SUREKLI_ISLEM
459,bist,TSKB.E,1707980826351640578,1707980826351640578,782462244406602708,7824622289453687128,S,9.580,210,9.580,9224,9.570,20505,P_SUREKLI_ISLEM
460,bist,TSKB.E,1707980826351716624,1707980826351716624,782462244406602709,7824622289453687128,S,9.580,661,9.580,8563,9.570,20545,P_SUREKLI_ISLEM
461,bist,TSKB.E,1707980826351724364,1707980826351724364,782462244406602710,7824622289453687128,S,9.580,757,9.580,7806,9.570,20545,P_SUREKLI_ISLEM
462,bist,TSKB.E,1707980826351951564,1707980826351951564,782462244406602711,7824622289453687128,S,9.580,7806,9.580,9668,9.570,21975,P_SUREKLI_ISLEM
463,bist,TSKB.E,1707980826353097824,1707980826353097824,782462244406602713,7824622289453687168,S,9.580,2400,9.580,7268,9.570,18951,P_SUREKLI_ISLEM
464,bist,TSKB.E,1707980826466437097,1707980826466437097,782462244406602764,7824622289453687168,S,9.580,1300,9.580,6267,9.570,18951,P_SUREKLI_ISLEM
465,bist,TSKB.E,1707980826466449643,1707980826466449643,782462244406602765,7824622289453687168,S,9.580,5100,9.580,1167,9.570,18951,P_SUREKLI_ISLEM
466,bist,TSKB.E,1707980826466474407,1707980826466474407,782462244406602766,7824622289453687168,S,9.580,868,9.580,299,9.570,18951,P_SUREKLI_ISLEM
467,bist,TSKB.E,1707980826466474407,1707980826466474407,782462244406602767,7824622289453687260,S,9.580,299,9.590,21767,9.570,18951,P_SUREKLI_ISLEM
468,bist,TSKB.E,1707980826466765860,1707980826466765860,782462244406602768,7824622289453250740,S,9.590,8174,9.590,8025,9.580,53735,P_SUREKLI_ISLEM
469,bist,TSKB.E,1707980826466765860,1707980826466765860,782462244406602772,7824622289453686432,S,9.590,2025,9.600,45303,9.580,53735,P_SUREKLI_ISLEM
470,bist,TSKB.E,1707980826467631331,1707980826467631331,782462244406602779,7824622289452338965,S,9.590,25,9.590,5174,9.580,57738,P_SUREKLI_ISLEM
471,bist,TSKB.E,1707980826653835769,1707980826653835769,782462244406602845,7824622289453687369,B,9.580,33,9.590,5174,9.580,58819,P_SUREKLI_ISLEM
472,bist,TSKB.E,1707980829023590700,1707980829023590700,782462244406603238,7824622289452338964,S,9.590,2000,9.600,38750,9.580,60472,P_SUREKLI_ISLEM
473,bist,TSKB.E,1707980829023715045,1707980829023715045,782462244406603241,7824622289452338965,S,9.590,2000,9.590,2000,9.580,66007,P_SUREKLI_ISLEM
474,bist,TSKB.E,1707980829023715045,1707980829023715045,782462244406603242,7824622289452338971,S,9.590,2000,9.600,38750,9.580,66007,P_SUREKLI_ISLEM
475,bist,TSKB.E,1707980830249799485,1707980830249799485,782462244406603473,7824622289452341847,S,9.600,100,9.600,32733,9.590,28832,P_SUREKLI_ISLEM
476,bist,TSKB.E,1707980830249799485,1707980830249799485,782462244406603474,7824622289452347459,S,9.600,3,9.600,32730,9.590,28832,P_SUREKLI_ISLEM
477,bist,TSKB.E,1707980832463778998,1707980832463778998,782462244406603830,7824622289453694568,B,9.590,9267,9.600,32730,9.590,20170,P_SUREKLI_ISLEM
478,bist,TSKB.E,1707980832463848051,1707980832463848051,782462244406603831,7824622289453694568,B,9.590,10733,9.600,32730,9.590,9437,P_SUREKLI_ISLEM
479,bist,TSKB.E,1707980832463848051,1707980832463848051,782462244406603832,7824622289453694571,B,9.590,610,9.600,32730,9.590,8827,P_SUREKLI_ISLEM
480,bist,TSKB.E,1707980832463848051,1707980832463848051,782462244406603833,7824622289453694590,B,9.590,508,9.600,32730,9.590,8319,P_SUREKLI_ISLEM
481,bist,TSKB.E,1707980832463848051,1707980832463848051,782462244406603834,7824622289453694592,B,9.590,749,9.600,32730,9.590,7570,P_SUREKLI_ISLEM
482,bist,TSKB.E,1707980832463848051,1707980832463848051,782462244406603835,7824622289453694599,B,9.590,661,9.600,32730,9.590,6909,P_SUREKLI_ISLEM
483,bist,TSKB.E,1707980832463848051,1707980832463848051,782462244406603836,7824622289453694604,B,9.590,210,9.600,32730,9.590,6699,P_SUREKLI_ISLEM
484,bist,TSKB.E,1707980832463848051,1707980832463848051,782462244406603837,7824622289452749138,B,9.590,5537,9.600,32730,9.590,1162,P_SUREKLI_ISLEM
485,bist,TSKB.E,1707980832463848051,1707980832463848051,782462244406603838,7824622289453694641,B,9.590,119,9.600,32730,9.590,1043,P_SUREKLI_ISLEM
486,bist,TSKB.E,1707980832463848051,1707980832463848051,782462244406603839,7824622289453694643,B,9.590,435,9.600,32730,9.590,608,P_SUREKLI_ISLEM
487,bist,TSKB.E,1707980832463848051,1707980832463848051,782462244406603840,7824622289453695591,B,9.590,3,9.600,32730,9.590,605,P_SUREKLI_ISLEM
488,bist,TSKB.E,1707980832463848051,1707980832463848051,782462244406603841,7824622289453701374,B,9.590,605,9.600,32730,9.580,67614,P_SUREKLI_ISLEM
489,bist,TSKB.E,1707980832464196009,1707980832464196009,782462244406603842,7824622289453701395,S,9.590,478,9.590,4522,9.580,70350,P_SUREKLI_ISLEM
490,bist,TSKB.E,1707980835739874232,1707980835739874232,782462244406604276,7824622289453701395,S,9.590,4522,9.590,11445,9.580,62039,P_SUREKLI_ISLEM
491,bist,TSKB.E,1707980835739874232,1707980835739874232,782462244406604277,7824622289453701407,S,9.590,7978,9.590,3467,9.580,62039,P_SUREKLI_ISLEM
492,bist,TSKB.E,1707980835739977641,1707980835739977641,782462244406604278,7824622289453701407,S,9.590,1690,9.590,1777,9.580,62039,P_SUREKLI_ISLEM
493,bist,TSKB.E,1707980835739977641,1707980835739977641,782462244406604279,7824622289453702252,S,9.590,1777,9.600,36226,9.580,62039,P_SUREKLI_ISLEM
494,bist,TSKB.E,1707980835740293088,1707980835740293088,782462244406604280,7824622289453706807,B,9.590,240,9.600,35950,9.590,3011,P_SUREKLI_ISLEM
495,bist,TSKB.E,1707980835740313503,1707980835740313503,782462244406604281,7824622289453706807,B,9.590,1293,9.600,35950,9.590,1718,P_SUREKLI_ISLEM
496,bist,TSKB.E,1707980835740355079,1707980835740355079,782462244406604282,7824622289453706828,B,9.590,794,9.600,35950,9.590,924,P_SUREKLI_ISLEM
497,bist,TSKB.E,1707980835740355079,1707980835740355079,782462244406604283,7824622289453706834,B,9.590,210,9.600,35950,9.590,714,P_SUREKLI_ISLEM
498,bist,TSKB.E,1707980835740355079,1707980835740355079,782462244406604284,7824622289453706835,B,9.590,714,9.600,35950,9.580,62079,P_SUREKLI_ISLEM
499,bist,TSKB.E,1707980840287978872,1707980840287978872,782462244406604972,7824622289453706851,S,9.590,7950,9.590,5000,9.580,64039,P_SUREKLI_ISLEM
500,bist,TSKB.E,1707980840287978872,1707980840287978872,782462244406604973,7824622289453706870,S,9.590,3467,9.590,1533,9.580,64039,P_SUREKLI_ISLEM
501,bist,TSKB.E,1707980840287978872,1707980840287978872,782462244406604974,7824622289453706907,S,9.590,1533,9.600,39573,9.580,64039,P_SUREKLI_ISLEM
502,bist,TSKB.E,1707980840288030233,1707980840288030233,782462244406604975,7824622289452347459,S,9.600,97,9.600,39476,9.590,7050,P_SUREKLI_ISLEM
503,bist,TSKB.E,1707980840288030233,1707980840288030233,782462244406604976,7824622289452349738,S,9.600,2000,9.600,37476,9.590,7050,P_SUREKLI_ISLEM
504,bist,TSKB.E,1707980840288030233,1707980840288030233,782462244406604977,7824622289452352394,S,9.600,3603,9.600,33873,9.590,7050,P_SUREKLI_ISLEM
505,bist,TSKB.E,1707980840288095336,1707980840288095336,782462244406604978,7824622289453717153,B,9.590,7050,9.600,28104,9.580,63473,P_SUREKLI_ISLEM
506,bist,TSKB.E,1707980840288383468,1707980840288383468,782462244406604979,7824622289453717181,B,9.590,915,9.600,27474,9.590,5210,P_SUREKLI_ISLEM
507,bist,TSKB.E,1707980840288383468,1707980840288383468,782462244406604980,7824622289453717186,B,9.590,210,9.600,27474,9.590,5000,P_SUREKLI_ISLEM
508,bist,TSKB.E,1707980840288383468,1707980840288383468,782462244406604981,7824622289453717194,B,9.590,5000,9.600,27474,9.580,66289,P_SUREKLI_ISLEM
509,bist,TSKB.E,1707980840288437839,1707980840288437839,782462244406604982,7824622289453717196,S,9.590,781,9.590,2762,9.580,66249,P_SUREKLI_ISLEM
510,bist,TSKB.E,1707980840300522805,1707980840300522805,782462244406604983,7824622289453717274,S,9.590,25,9.590,4975,9.580,63473,P_SUREKLI_ISLEM
511,bist,TSKB.E,1707980843801870044,1707980843801870044,782462244406605563,7824622289453717274,S,9.590,4975,9.600,28194,9.580,63473,P_SUREKLI_ISLEM
512,bist,TSKB.E,1707980843801995827,1707980843801995827,782462244406605564,7824622289453724183,B,9.590,5025,9.600,28104,9.590,662,P_SUREKLI_ISLEM
513,bist,TSKB.E,1707980843802124340,1707980843802124340,782462244406605565,7824622289453724185,B,9.590,662,9.600,28104,9.590,5711,P_SUREKLI_ISLEM
514,bist,TSKB.E,1707980843802124340,1707980843802124340,782462244406605566,7824622289453724196,B,9.590,711,9.600,28104,9.590,5000,P_SUREKLI_ISLEM
515,bist,TSKB.E,1707980843802124340,1707980843802124340,782462244406605567,7824622289453724202,B,9.590,3652,9.600,28104,9.590,1348,P_SUREKLI_ISLEM
516,bist,TSKB.E,1707980843802452709,1707980843802452709,782462244406605568,7824622289453724202,B,9.590,1348,9.600,27474,9.590,210,P_SUREKLI_ISLEM
517,bist,TSKB.E,1707980843802452709,1707980843802452709,782462244406605569,7824622289453724210,B,9.590,210,9.600,27474,9.580,63513,P_SUREKLI_ISLEM
518,bist,TSKB.E,1707980844565021802,1707980844565021802,782462244406605631,7824622289453724242,S,9.590,18,9.590,3424,9.580,63473,P_SUREKLI_ISLEM
519,bist,TSKB.E,1707980845134070759,1707980845134070759,782462244406605684,7824622289453724242,S,9.590,26,9.590,3398,9.580,63473,P_SUREKLI_ISLEM
520,bist,TSKB.E,1707980845192761110,1707980845192761110,782462244406605688,7824622289453724242,S,9.590,2050,9.590,1348,9.580,63473,P_SUREKLI_ISLEM
521,bist,TSKB.E,1707980845192761110,1707980845192761110,782462244406605689,7824622289453724290,S,9.590,1348,9.600,28188,9.580,63473,P_SUREKLI_ISLEM
522,bist,TSKB.E,1707980845192856808,1707980845192856808,782462244406605690,7824622289453726614,B,9.590,7224,9.600,28188,9.580,63473,P_SUREKLI_ISLEM
523,bist,TSKB.E,1707980845193207475,1707980845193207475,782462244406605691,7824622289453726622,B,9.590,765,9.600,30309,9.590,6088,P_SUREKLI_ISLEM
524,bist,TSKB.E,1707980845193207475,1707980845193207475,782462244406605692,7824622289453726626,B,9.590,878,9.600,30309,9.590,5210,P_SUREKLI_ISLEM
525,bist,TSKB.E,1707980846198675478,1707980846198675478,782462244406605858,7824622289453726628,B,9.590,1120,9.600,27474,9.590,5571,P_SUREKLI_ISLEM
526,bist,TSKB.E,1707980846198764446,1707980846198764446,782462244406605859,7824622289453726628,B,9.590,3880,9.600,27474,9.590,1691,P_SUREKLI_ISLEM
527,bist,TSKB.E,1707980846198764446,1707980846198764446,782462244406605860,7824622289453726636,B,9.590,210,9.600,27474,9.590,1481,P_SUREKLI_ISLEM
528,bist,TSKB.E,1707980846198764446,1707980846198764446,782462244406605861,7824622289453726688,B,9.590,757,9.600,27474,9.590,724,P_SUREKLI_ISLEM
529,bist,TSKB.E,1707980846198764446,1707980846198764446,782462244406605862,7824622289453726689,B,9.590,724,9.600,27474,9.580,66826,P_SUREKLI_ISLEM
530,bist,TSKB.E,1707980849279960185,1707980849279960185,782462244406606215,7824622289453728708,S,9.590,1,9.590,29999,9.580,63322,P_SUREKLI_ISLEM
531,bist,TSKB.E,1707980851461246999,1707980851461246999,782462244406606649,7824622289453728708,S,9.590,100,9.590,29899,9.580,62278,P_SUREKLI_ISLEM
532,bist,TSKB.E,1707980854442134927,1707980854442134927,782462244406607097,7824622289453728708,S,9.590,1019,9.590,28880,9.580,58154,P_SUREKLI_ISLEM
533,bist,TSKB.E,1707980854442134927,1707980854442134927,782462244406607098,7824622289453728737,S,9.590,3880,9.590,25000,9.580,58154,P_SUREKLI_ISLEM
534,bist,TSKB.E,1707980854442134927,1707980854442134927,782462244406607099,7824622289453732070,S,9.590,101,9.590,24899,9.580,58154,P_SUREKLI_ISLEM
535,bist,TSKB.E,1707980855426086543,1707980855426086543,782462244406607224,7824622289453687369,B,9.580,1,9.590,26540,9.580,58153,P_SUREKLI_ISLEM
536,bist,TSKB.E,1707980855497046016,1707980855497046016,782462244406607227,7824622289453732070,S,9.590,8500,9.590,18040,9.580,58153,P_SUREKLI_ISLEM
537,bist,TSKB.E,1707980858079260690,1707980858079260690,782462244406607517,7824622289453732070,S,9.590,19,9.590,18229,9.580,57548,P_SUREKLI_ISLEM
538,bist,TSKB.E,1707980858449727731,1707980858449727731,782462244406607565,7824622289453732070,S,9.590,150,9.590,18079,9.580,57548,P_SUREKLI_ISLEM
539,bist,TSKB.E,1707980858568519175,1707980858568519175,782462244406607575,7824622289453732070,S,9.590,16230,9.590,1849,9.580,57548,P_SUREKLI_ISLEM
540,bist,TSKB.E,1707980858568519175,1707980858568519175,782462244406607576,7824622289453748070,S,9.590,1641,9.590,208,9.580,57548,P_SUREKLI_ISLEM
541,bist,TSKB.E,1707980858568519175,1707980858568519175,782462244406607577,7824622289453750977,S,9.590,208,9.600,61875,9.580,57548,P_SUREKLI_ISLEM
542,bist,TSKB.E,1707980858568601903,1707980858568601903,782462244406607578,7824622289453754951,B,9.590,5210,9.600,61875,9.590,1711,P_SUREKLI_ISLEM
543,bist,TSKB.E,1707980858568654902,1707980858568654902,782462244406607579,7824622289453754951,B,9.590,1711,9.600,62323,9.590,719,P_SUREKLI_ISLEM
544,bist,TSKB.E,1707980858568654902,1707980858568654902,782462244406607580,7824622289453754956,B,9.590,719,9.600,62323,9.580,57668,P_SUREKLI_ISLEM
545,bist,TSKB.E,1707980858568888179,1707980858568888179,782462244406607581,7824622289453754971,B,9.590,1711,9.600,61693,9.590,4436,P_SUREKLI_ISLEM
546,bist,TSKB.E,1707980858568911106,1707980858568911106,782462244406607582,7824622289453754971,B,9.590,719,9.600,61693,9.590,3717,P_SUREKLI_ISLEM
547,bist,TSKB.E,1707980858569055521,1707980858569055521,782462244406607583,7824622289453754971,B,9.590,2570,9.600,61693,9.590,1871,P_SUREKLI_ISLEM
548,bist,TSKB.E,1707980858569055521,1707980858569055521,782462244406607584,7824622289453754974,B,9.590,937,9.600,61693,9.590,934,P_SUREKLI_ISLEM
549,bist,TSKB.E,1707980858569055521,1707980858569055521,782462244406607585,7824622289453754982,B,9.590,210,9.600,61693,9.590,724,P_SUREKLI_ISLEM
550,bist,TSKB.E,1707980858569055521,1707980858569055521,782462244406607586,7824622289453755001,B,9.590,724,9.600,61693,9.580,60532,P_SUREKLI_ISLEM
551,bist,TSKB.E,1707980859306759848,1707980859306759848,782462244406607653,7824622289453755064,S,9.590,150,9.590,4850,9.580,57548,P_SUREKLI_ISLEM
552,bist,TSKB.E,1707980859865990381,1707980859865990381,782462244406607693,7824622289453755064,S,9.590,1000,9.590,3850,9.580,57548,P_SUREKLI_ISLEM
553,bist,TSKB.E,1707980860212423494,1707980860212423494,782462244406607732,7824622289453755064,S,9.590,500,9.590,3350,9.580,57548,P_SUREKLI_ISLEM
554,bist,TSKB.E,1707980866917334726,1707980866917334726,782462244406608503,7824622289453755064,S,9.590,9,9.590,3341,9.580,57548,P_SUREKLI_ISLEM
555,bist,TSKB.E,1707980871852279755,1707980871852279755,782462244406609118,7824622289453755064,S,9.590,1,9.590,4390,9.580,57548,P_SUREKLI_ISLEM
556,bist,TSKB.E,1707980873303424548,1707980873303424548,782462244406609294,7824622289453755064,S,9.590,770,9.590,3620,9.580,55548,P_SUREKLI_ISLEM
557,bist,TSKB.E,1707980873303424548,1707980873303424548,782462244406609295,7824622289453755070,S,9.590,1230,9.590,2390,9.580,55548,P_SUREKLI_ISLEM
558,bist,TSKB.E,1707980873416454421,1707980873416454421,782462244406609311,7824622289453755070,S,9.590,6,9.590,2384,9.580,55548,P_SUREKLI_ISLEM
559,bist,TSKB.E,1707980875063289985,1707980875063289985,782462244406609505,7824622289453755070,S,9.590,10,9.590,2374,9.580,55548,P_SUREKLI_ISLEM
560,bist,TSKB.E,1707980875223022898,1707980875223022898,782462244406609521,7824622289453755070,S,9.590,30,9.590,2344,9.580,55548,P_SUREKLI_ISLEM
561,bist,TSKB.E,1707980877184460061,1707980877184460061,782462244406609799,7824622289453755070,S,9.590,30,9.590,2314,9.580,55548,P_SUREKLI_ISLEM
562,bist,TSKB.E,1707980877237072877,1707980877237072877,782462244406609805,7824622289453755070,S,9.590,10,9.590,2304,9.580,55548,P_SUREKLI_ISLEM
563,bist,TSKB.E,1707980878369648215,1707980878369648215,782462244406610016,7824622289453755070,S,9.590,60,9.590,2244,9.580,55548,P_SUREKLI_ISLEM
564,bist,TSKB.E,1707980886677553369,1707980886677553369,782462244406611223,7824622289453755070,S,9.590,40,9.590,2204,9.580,55548,P_SUREKLI_ISLEM
565,bist,TSKB.E,1707980887126209503,1707980887126209503,782462244406611292,7824622289453755070,S,9.590,1154,9.590,1550,9.580,55548,P_SUREKLI_ISLEM
566,bist,TSKB.E,1707980887126209503,1707980887126209503,782462244406611293,7824622289453765922,S,9.590,1000,9.590,550,9.580,55548,P_SUREKLI_ISLEM
567,bist,TSKB.E,1707980887126209503,1707980887126209503,782462244406611294,7824622289453767621,S,9.590,50,9.590,500,9.580,55548,P_SUREKLI_ISLEM
568,bist,TSKB.E,1707980887126209503,1707980887126209503,782462244406611295,7824622289453800830,S,9.590,500,9.600,62399,9.580,55548,P_SUREKLI_ISLEM
569,bist,TSKB.E,1707980887126302343,1707980887126302343,782462244406611296,7824622289453801387,B,9.590,5210,9.600,62399,9.590,2486,P_SUREKLI_ISLEM
570,bist,TSKB.E,1707980887126391577,1707980887126391577,782462244406611297,7824622289453801387,B,9.590,2486,9.600,62399,9.580,55668,P_SUREKLI_ISLEM
571,bist,TSKB.E,1707980887126582308,1707980887126582308,782462244406611298,7824622289453801416,B,9.590,2486,9.600,61769,9.590,4237,P_SUREKLI_ISLEM
572,bist,TSKB.E,1707980887126753753,1707980887126753753,782462244406611299,7824622289453801416,B,9.590,2514,9.600,62124,9.590,1723,P_SUREKLI_ISLEM
573,bist,TSKB.E,1707980887126753753,1707980887126753753,782462244406611300,7824622289453801417,B,9.590,787,9.600,62124,9.590,936,P_SUREKLI_ISLEM
574,bist,TSKB.E,1707980887126753753,1707980887126753753,782462244406611301,7824622289453801418,B,9.590,726,9.600,62124,9.590,210,P_SUREKLI_ISLEM
575,bist,TSKB.E,1707980887126753753,1707980887126753753,782462244406611302,7824622289453801424,B,9.590,210,9.600,62124,9.580,55668,P_SUREKLI_ISLEM
576,bist,TSKB.E,1707980897358430552,1707980897358430552,782462244406612610,7824622289453801494,S,9.590,1000,9.590,5000,9.580,57568,P_SUREKLI_ISLEM
577,bist,TSKB.E,1707980898733015579,1707980898733015579,782462244406612806,7824622289453801494,S,9.590,3,9.590,4997,9.580,57568,P_SUREKLI_ISLEM
578,bist,TSKB.E,1707980898908196402,1707980898908196402,782462244406612829,7824622289453687369,B,9.580,3899,9.590,4997,9.580,53669,P_SUREKLI_ISLEM
579,bist,TSKB.E,1707980898908196402,1707980898908196402,782462244406612830,7824622289453687370,B,9.580,5100,9.590,4997,9.580,48569,P_SUREKLI_ISLEM
580,bist,TSKB.E,1707980898908196402,1707980898908196402,782462244406612831,7824622289453687371,B,9.580,1002,9.590,4997,9.580,47567,P_SUREKLI_ISLEM
581,bist,TSKB.E,1707980907802393114,1707980907802393114,782462244406614139,7824622289453801494,S,9.590,1,9.590,5996,9.580,47867,P_SUREKLI_ISLEM
582,bist,TSKB.E,1707980908735460958,1707980908735460958,782462244406614228,7824622289453687371,B,9.580,1300,9.590,5996,9.580,46567,P_SUREKLI_ISLEM
583,bist,TSKB.E,1707980912681576675,1707980912681576675,782462244406614661,7824622289453801494,S,9.590,3,9.590,6993,9.580,46567,P_SUREKLI_ISLEM
584,bist,TSKB.E,1707980934352435032,1707980934352435032,782462244406617352,7824622289453687371,B,9.580,1500,9.590,6993,9.580,60068,P_SUREKLI_ISLEM
585,bist,TSKB.E,1707980936127065817,1707980936127065817,782462244406617532,7824622289453801494,S,9.590,700,9.590,6293,9.580,60068,P_SUREKLI_ISLEM
586,bist,TSKB.E,1707980936884900958,1707980936884900958,782462244406617625,7824622289453801494,S,9.590,10,9.590,15951,9.580,60068,P_SUREKLI_ISLEM
587,bist,TSKB.E,1707980937829501772,1707980937829501772,782462244406617713,7824622289453801494,S,9.590,769,9.590,15182,9.580,60068,P_SUREKLI_ISLEM
588,bist,TSKB.E,1707980937829501772,1707980937829501772,782462244406617714,7824622289453801522,S,9.590,2514,9.590,12668,9.580,60068,P_SUREKLI_ISLEM
589,bist,TSKB.E,1707980937829501772,1707980937829501772,782462244406617715,7824622289453817252,S,9.590,1000,9.590,11668,9.580,60068,P_SUREKLI_ISLEM
590,bist,TSKB.E,1707980937829501772,1707980937829501772,782462244406617716,7824622289453832530,S,9.590,717,9.590,10951,9.580,60068,P_SUREKLI_ISLEM
591,bist,TSKB.E,1707980937953703564,1707980937953703564,782462244406617723,7824622289453832530,S,9.590,283,9.590,1000,9.580,60068,P_SUREKLI_ISLEM
592,bist,TSKB.E,1707980937953703564,1707980937953703564,782462244406617724,7824622289452921593,S,9.590,1000,9.600,55622,9.580,60068,P_SUREKLI_ISLEM
593,bist,TSKB.E,1707980937953901212,1707980937953901212,782462244406617725,7824622289453890653,B,9.590,3717,9.600,55622,9.580,66016,P_SUREKLI_ISLEM
594,bist,TSKB.E,1707980937954655363,1707980937954655363,782462244406617726,7824622289453890675,B,9.590,755,9.600,54866,9.590,10728,P_SUREKLI_ISLEM
595,bist,TSKB.E,1707980937954928324,1707980937954928324,782462244406617727,7824622289452352394,S,9.600,26,9.600,54840,9.590,10728,P_SUREKLI_ISLEM
596,bist,TSKB.E,1707980937955157356,1707980937955157356,782462244406617728,7824622289453890677,B,9.590,850,9.600,54840,9.590,210,P_SUREKLI_ISLEM
597,bist,TSKB.E,1707980937955157356,1707980937955157356,782462244406617729,7824622289453890692,B,9.590,210,9.600,54840,9.580,73519,P_SUREKLI_ISLEM
598,bist,TSKB.E,1707980937955313215,1707980937955313215,782462244406617730,7824622289453890818,S,9.590,25,9.590,3915,9.580,73519,P_SUREKLI_ISLEM
599,bist,TSKB.E,1707980940709735806,1707980940709735806,782462244406618032,7824622289453890818,S,9.590,3915,9.590,1645,9.580,66577,P_SUREKLI_ISLEM
600,bist,TSKB.E,1707980940709735806,1707980940709735806,782462244406618033,7824622289453891208,S,9.590,1645,9.600,54966,9.580,66577,P_SUREKLI_ISLEM
601,bist,TSKB.E,1707980940709735806,1707980940709735806,782462244406618034,7824622289452352394,S,9.600,1030,9.600,53936,9.580,66577,P_SUREKLI_ISLEM
602,bist,TSKB.E,1707980951142981291,1707980951142981291,782462244406619597,7824622289453896128,B,9.590,1,9.600,50006,9.590,23669,P_SUREKLI_ISLEM
603,bist,TSKB.E,1707980952066766704,1707980952066766704,782462244406619774,7824622289453896128,B,9.590,368,9.600,50006,9.590,23301,P_SUREKLI_ISLEM
604,bist,TSKB.E,1707980961554420025,1707980961554420025,782462244406620849,7824622289452352394,S,9.600,104,9.600,49904,9.590,23360,P_SUREKLI_ISLEM
605,bist,TSKB.E,1707980963197887225,1707980963197887225,782462244406621078,7824622289452352394,S,9.600,200,9.600,49704,9.590,23360,P_SUREKLI_ISLEM
606,bist,TSKB.E,1707980966640818208,1707980966640818208,782462244406621423,7824622289452352394,S,9.600,5,9.600,49699,9.590,23360,P_SUREKLI_ISLEM
607,bist,TSKB.E,1707980966771693656,1707980966771693656,782462244406621431,7824622289452352394,S,9.600,2,9.600,49697,9.590,23360,P_SUREKLI_ISLEM
608,bist,TSKB.E,1707980978071815651,1707980978071815651,782462244406622572,7824622289452352394,S,9.600,1,9.600,49696,9.590,30860,P_SUREKLI_ISLEM
609,bist,TSKB.E,1707980981130257443,1707980981130257443,782462244406622913,7824622289452352394,S,9.600,25,9.600,49671,9.590,30860,P_SUREKLI_ISLEM
610,bist,TSKB.E,1707980987144315263,1707980987144315263,782462244406623586,7824622289452352394,S,9.600,3,9.600,49668,9.590,30817,P_SUREKLI_ISLEM
611,bist,TSKB.E,1707980990485084603,1707980990485084603,782462244406624008,7824622289452352394,S,9.600,2,9.600,49666,9.590,23678,P_SUREKLI_ISLEM
612,bist,TSKB.E,1707980992598891367,1707980992598891367,782462244406624359,7824622289452352394,S,9.600,23,9.600,49643,9.590,23678,P_SUREKLI_ISLEM
613,bist,TSKB.E,1707980994434670331,1707980994434670331,782462244406624530,7824622289453896128,B,9.590,1,9.600,49643,9.590,14009,P_SUREKLI_ISLEM
614,bist,TSKB.E,1707980995371110425,1707980995371110425,782462244406624680,7824622289452352394,S,9.600,40,9.600,49603,9.590,14009,P_SUREKLI_ISLEM
615,bist,TSKB.E,1707980996057451248,1707980996057451248,782462244406624761,7824622289453896128,B,9.590,90,9.600,49603,9.590,13919,P_SUREKLI_ISLEM
616,bist,TSKB.E,1707980999551326626,1707980999551326626,782462244406625082,7824622289452352394,S,9.600,50,9.600,59555,9.590,13921,P_SUREKLI_ISLEM
617,bist,TSKB.E,1707980999700976886,1707980999700976886,782462244406625097,7824622289452352394,S,9.600,1,9.600,59554,9.590,13921,P_SUREKLI_ISLEM
618,bist,TSKB.E,1707981002205861798,1707981002205861798,782462244406625443,7824622289452352394,S,9.600,2,9.600,59552,9.590,13921,P_SUREKLI_ISLEM
619,bist,TSKB.E,1707981006850294027,1707981006850294027,782462244406626175,7824622289452352394,S,9.600,10,9.600,59542,9.590,13921,P_SUREKLI_ISLEM
620,bist,TSKB.E,1707981007513195542,1707981007513195542,782462244406626281,7824622289453896128,B,9.590,2500,9.600,59542,9.590,11421,P_SUREKLI_ISLEM
621,bist,TSKB.E,1707981007513298182,1707981007513298182,782462244406626282,7824622289453896128,B,9.590,2040,9.600,59542,9.590,9381,P_SUREKLI_ISLEM
622,bist,TSKB.E,1707981007513298182,1707981007513298182,782462244406626283,7824622289453896149,B,9.590,904,9.600,59542,9.590,8477,P_SUREKLI_ISLEM
623,bist,TSKB.E,1707981007513298182,1707981007513298182,782462244406626284,7824622289453896154,B,9.590,210,9.600,59542,9.590,8267,P_SUREKLI_ISLEM
624,bist,TSKB.E,1707981007513298182,1707981007513298182,782462244406626285,7824622289453896155,B,9.590,749,9.600,59542,9.590,7518,P_SUREKLI_ISLEM
625,bist,TSKB.E,1707981007513298182,1707981007513298182,782462244406626286,7824622289453929551,B,9.590,10,9.600,59542,9.590,7508,P_SUREKLI_ISLEM
626,bist,TSKB.E,1707981007513298182,1707981007513298182,782462244406626287,7824622289453930412,B,9.590,6,9.600,59542,9.590,7502,P_SUREKLI_ISLEM
627,bist,TSKB.E,1707981007513298182,1707981007513298182,782462244406626288,7824622289453938997,B,9.590,5000,9.600,59542,9.590,2502,P_SUREKLI_ISLEM
628,bist,TSKB.E,1707981007513298182,1707981007513298182,782462244406626289,7824622289453946196,B,9.590,2500,9.600,59542,9.590,2,P_SUREKLI_ISLEM
629,bist,TSKB.E,1707981007513298182,1707981007513298182,782462244406626290,7824622289453983273,B,9.590,2,9.600,59542,9.580,69832,P_SUREKLI_ISLEM
630,bist,TSKB.E,1707981007836409935,1707981007836409935,782462244406626328,7824622289454007242,S,9.590,100,9.590,20888,9.580,61681,P_SUREKLI_ISLEM
631,bist,TSKB.E,1707981009391658405,1707981009391658405,782462244406626503,7824622289454007242,S,9.590,2860,9.590,18028,9.580,60366,P_SUREKLI_ISLEM
632,bist,TSKB.E,1707981009391658405,1707981009391658405,782462244406626504,7824622289454007281,S,9.590,430,9.590,17598,9.580,60366,P_SUREKLI_ISLEM
633,bist,TSKB.E,1707981009476708223,1707981009476708223,782462244406626554,7824622289454007281,S,9.590,478,9.590,7452,9.580,60366,P_SUREKLI_ISLEM
634,bist,TSKB.E,1707981011399626848,1707981011399626848,782462244406626825,7824622289454007281,S,9.590,1132,9.590,6320,9.580,60366,P_SUREKLI_ISLEM
635,bist,TSKB.E,1707981011399626848,1707981011399626848,782462244406626826,7824622289453694542,S,9.590,5968,9.590,352,9.580,60366,P_SUREKLI_ISLEM
636,bist,TSKB.E,1707981011399739730,1707981011399739730,782462244406626827,7824622289453694542,S,9.590,352,9.600,70118,9.580,60366,P_SUREKLI_ISLEM
637,bist,TSKB.E,1707981011690392091,1707981011690392091,782462244406626847,7824622289452352394,S,9.600,100,9.600,61757,9.590,15909,P_SUREKLI_ISLEM
638,bist,TSKB.E,1707981017252680768,1707981017252680768,782462244406627560,7824622289454014893,B,9.590,8,9.600,60588,9.590,16001,P_SUREKLI_ISLEM
639,bist,TSKB.E,1707981018495565186,1707981018495565186,782462244406627690,7824622289452352394,S,9.600,25,9.600,60563,9.590,19001,P_SUREKLI_ISLEM
640,bist,TSKB.E,1707981023498368039,1707981023498368039,782462244406628339,7824622289452352394,S,9.600,28,9.600,59985,9.590,27006,P_SUREKLI_ISLEM
641,bist,TSKB.E,1707981023857526863,1707981023857526863,782462244406628392,7824622289452352394,S,9.600,10,9.600,59975,9.590,27006,P_SUREKLI_ISLEM
642,bist,TSKB.E,1707981024300518715,1707981024300518715,782462244406628421,7824622289452352394,S,9.600,31,9.600,59944,9.590,27006,P_SUREKLI_ISLEM
643,bist,TSKB.E,1707981025021030583,1707981025021030583,782462244406628503,7824622289454014893,B,9.590,4640,9.600,60995,9.590,22366,P_SUREKLI_ISLEM
644,bist,TSKB.E,1707981025021030583,1707981025021030583,782462244406628504,7824622289454014920,B,9.590,659,9.600,60995,9.590,21707,P_SUREKLI_ISLEM
645,bist,TSKB.E,1707981025021030583,1707981025021030583,782462244406628505,7824622289454014922,B,9.590,210,9.600,60995,9.590,21497,P_SUREKLI_ISLEM
646,bist,TSKB.E,1707981025021030583,1707981025021030583,782462244406628506,7824622289454014925,B,9.590,724,9.600,60995,9.590,20773,P_SUREKLI_ISLEM
647,bist,TSKB.E,1707981025021030583,1707981025021030583,782462244406628507,7824622289454014952,B,9.590,5830,9.600,60995,9.590,14943,P_SUREKLI_ISLEM
648,bist,TSKB.E,1707981025603625277,1707981025603625277,782462244406628574,7824622289452352394,S,9.600,226,9.600,60869,9.590,16620,P_SUREKLI_ISLEM
649,bist,TSKB.E,1707981031282881923,1707981031282881923,782462244406629147,7824622289452352394,S,9.600,1041,9.600,59828,9.590,16620,P_SUREKLI_ISLEM
650,bist,TSKB.E,1707981031285130219,1707981031285130219,782462244406629149,7824622289452352394,S,9.600,29,9.600,59799,9.590,16620,P_SUREKLI_ISLEM
651,bist,TSKB.E,1707981037645369724,1707981037645369724,782462244406629815,7824622289454014952,B,9.590,3838,9.600,59799,9.590,12782,P_SUREKLI_ISLEM
652,bist,TSKB.E,1707981037645369724,1707981037645369724,782462244406629816,7824622289454017318,B,9.590,100,9.600,59799,9.590,12682,P_SUREKLI_ISLEM
653,bist,TSKB.E,1707981037645369724,1707981037645369724,782462244406629817,7824622289454025386,B,9.590,3000,9.600,59799,9.590,9682,P_SUREKLI_ISLEM
654,bist,TSKB.E,1707981037645369724,1707981037645369724,782462244406629818,7824622289454027586,B,9.590,8005,9.600,59799,9.590,1677,P_SUREKLI_ISLEM
655,bist,TSKB.E,1707981037645369724,1707981037645369724,782462244406629819,7824622289454041236,B,9.590,57,9.600,59799,9.590,1620,P_SUREKLI_ISLEM
656,bist,TSKB.E,1707981037645774953,1707981037645774953,782462244406629820,7824622289454041236,B,9.590,596,9.600,59799,9.590,1024,P_SUREKLI_ISLEM
657,bist,TSKB.E,1707981037645774953,1707981037645774953,782462244406629821,7824622289454041237,B,9.590,814,9.600,59799,9.590,210,P_SUREKLI_ISLEM
658,bist,TSKB.E,1707981037645774953,1707981037645774953,782462244406629822,7824622289454041238,B,9.590,210,9.600,59799,9.580,65804,P_SUREKLI_ISLEM
659,bist,TSKB.E,1707981037646226969,1707981037646226969,782462244406629824,7824622289454058968,S,9.590,1900,9.590,2110,9.580,65674,P_SUREKLI_ISLEM
660,bist,TSKB.E,1707981037646286284,1707981037646286284,782462244406629825,7824622289453687371,B,9.580,26,9.590,2110,9.580,65648,P_SUREKLI_ISLEM
661,bist,TSKB.E,1707981037646313835,1707981037646313835,782462244406629826,7824622289454058968,S,9.590,1480,9.590,630,9.580,65648,P_SUREKLI_ISLEM
662,bist,TSKB.E,1707981037646313835,1707981037646313835,782462244406629827,7824622289454059006,S,9.590,630,9.600,65990,9.580,65648,P_SUREKLI_ISLEM
663,bist,TSKB.E,1707981039317681138,1707981039317681138,782462244406630030,7824622289452352394,S,9.600,7800,9.600,52582,9.580,69474,P_SUREKLI_ISLEM
664,bist,TSKB.E,1707981043594088747,1707981043594088747,782462244406630666,7824622289454061387,B,9.590,1000,9.600,52582,9.590,18761,P_SUREKLI_ISLEM
665,bist,TSKB.E,1707981044080830953,1707981044080830953,782462244406630724,7824622289452352394,S,9.600,26,9.600,52556,9.590,18761,P_SUREKLI_ISLEM
666,bist,TSKB.E,1707981044687742519,1707981044687742519,782462244406630755,7824622289452352394,S,9.600,15,9.600,52541,9.590,18761,P_SUREKLI_ISLEM
667,bist,TSKB.E,1707981045986948861,1707981045986948861,782462244406630894,7824622289452352394,S,9.600,542,9.600,51999,9.590,18761,P_SUREKLI_ISLEM
668,bist,TSKB.E,1707981045986948861,1707981045986948861,782462244406630895,7824622289452360191,S,9.600,458,9.600,51541,9.590,18761,P_SUREKLI_ISLEM
669,bist,TSKB.E,1707981054629319326,1707981054629319326,782462244406631726,7824622289454061401,B,9.590,809,9.600,70655,9.590,1114,P_SUREKLI_ISLEM
670,bist,TSKB.E,1707981054629319326,1707981054629319326,782462244406631727,7824622289454061404,B,9.590,904,9.600,70655,9.590,210,P_SUREKLI_ISLEM
671,bist,TSKB.E,1707981054629319326,1707981054629319326,782462244406631728,7824622289454061414,B,9.590,210,9.600,70655,9.580,68960,P_SUREKLI_ISLEM
672,bist,TSKB.E,1707981054682679098,1707981054682679098,782462244406631733,7824622289454085516,S,9.590,104,9.590,24323,9.580,64529,P_SUREKLI_ISLEM
673,bist,TSKB.E,1707981055946987263,1707981055946987263,782462244406631845,7824622289454085516,S,9.590,52,9.590,25861,9.580,64529,P_SUREKLI_ISLEM
674,bist,TSKB.E,1707981058314623699,1707981058314623699,782462244406632063,7824622289454085516,S,9.590,2125,9.590,23736,9.580,64529,P_SUREKLI_ISLEM
675,bist,TSKB.E,1707981059496023497,1707981059496023497,782462244406632170,7824622289454085516,S,9.590,10300,9.590,13436,9.580,59217,P_SUREKLI_ISLEM
676,bist,TSKB.E,1707981060781102596,1707981060781102596,782462244406632281,7824622289454085516,S,9.590,5496,9.590,2220,9.580,59217,P_SUREKLI_ISLEM
677,bist,TSKB.E,1707981060781102596,1707981060781102596,782462244406632282,7824622289454085568,S,9.590,630,9.590,1590,9.580,59217,P_SUREKLI_ISLEM
678,bist,TSKB.E,1707981060781102596,1707981060781102596,782462244406632283,7824622289454086582,S,9.590,1590,9.600,79506,9.580,59217,P_SUREKLI_ISLEM
679,bist,TSKB.E,1707981060781904012,1707981060781904012,782462244406632284,7824622289454093265,B,9.590,2284,9.600,72201,9.590,6709,P_SUREKLI_ISLEM
680,bist,TSKB.E,1707981062709597646,1707981062709597646,782462244406632522,7824622289452360191,S,9.600,25,9.600,72176,9.590,6709,P_SUREKLI_ISLEM
681,bist,TSKB.E,1707981070747865673,1707981070747865673,782462244406633379,7824622289452360191,S,9.600,17,9.600,72159,9.590,6904,P_SUREKLI_ISLEM
682,bist,TSKB.E,1707981070747865673,1707981070747865673,782462244406633380,7824622289452374083,S,9.600,10,9.600,72149,9.590,6904,P_SUREKLI_ISLEM
683,bist,TSKB.E,1707981070747865673,1707981070747865673,782462244406633381,7824622289452378645,S,9.600,20,9.600,72129,9.590,6904,P_SUREKLI_ISLEM
