index,exchange,symbol,timestamp,local_timestamp,matchId,orderId,side,price,amount,askPrice,askQty,bidPrice,bidQty,state
0,bist,TSKB.E,1708585200103576370,1708585200103576370,782739321336745748,7827394982899740346,B,8.640,9100,8.650,35569,8.640,57998,P_SUREKLI_ISLEM
1,bist,TSKB.E,1708585200217737238,1708585200217737238,782739321336745913,7827394982899718458,S,8.650,464,8.650,35105,8.640,57998,P_SUREKLI_ISLEM
2,bist,TSKB.E,1708585200217737238,1708585200217737238,782739321336745914,7827394982899746984,S,8.650,100,8.650,35005,8.640,57998,P_SUREKLI_ISLEM
3,bist,TSKB.E,1708585200217737238,1708585200217737238,782739321336745915,7827394982899757598,S,8.650,4,8.650,35001,8.640,57998,P_SUREKLI_ISLEM
4,bist,TSKB.E,1708585200217737238,1708585200217737238,782739321336745916,7827394982899759254,S,8.650,1,8.650,35000,8.640,57998,P_SUREKLI_ISLEM
5,bist,TSKB.E,1708585200217737238,1708585200217737238,782739321336745917,7827394982899883725,S,8.650,30000,8.650,5000,8.640,57998,P_SUREKLI_ISLEM
6,bist,TSKB.E,1708585200217737238,1708585200217737238,782739321336745918,7827394982899936418,S,8.650,5000,8.660,42898,8.640,57998,P_SUREKLI_ISLEM
7,bist,TSKB.E,1708585200218047029,1708585200218047029,782739321336745924,7827394982900096604,B,8.650,1000,8.660,42898,8.650,3431,P_SUREKLI_ISLEM
8,bist,TSKB.E,1708585200223086982,1708585200223086982,782739321336745935,7827394982900096604,B,8.650,696,8.660,42898,8.650,2735,P_SUREKLI_ISLEM
9,bist,TSKB.E,1708585200223602814,1708585200223602814,782739321336745937,7827394982900096604,B,8.650,1600,8.660,42898,8.650,1135,P_SUREKLI_ISLEM
10,bist,TSKB.E,1708585200225076711,1708585200225076711,782739321336745941,7827394982900096604,B,8.650,800,8.660,42898,8.650,335,P_SUREKLI_ISLEM
11,bist,TSKB.E,1708585200438162395,1708585200438162395,782739321336746009,7827394982899718457,S,8.660,100,8.660,42798,8.650,335,P_SUREKLI_ISLEM
12,bist,TSKB.E,1708585200953424665,1708585200953424665,782739321336746436,7827394982900096604,B,8.650,7,8.660,43677,8.650,9328,P_SUREKLI_ISLEM
13,bist,TSKB.E,1708585200965613414,1708585200965613414,782739321336746452,7827394982899718457,S,8.660,12,8.660,43665,8.650,9828,P_SUREKLI_ISLEM
14,bist,TSKB.E,1708585201643178481,1708585201643178481,782739321336747238,7827394982900096604,B,8.650,39,8.660,43665,8.650,109789,P_SUREKLI_ISLEM
15,bist,TSKB.E,1708585201680439816,1708585201680439816,782739321336747303,7827394982900096604,B,8.650,16,8.660,43665,8.650,109773,P_SUREKLI_ISLEM
16,bist,TSKB.E,1708585202167082971,1708585202167082971,782739321336747876,7827394982899718457,S,8.660,27,8.660,43638,8.650,111773,P_SUREKLI_ISLEM
17,bist,TSKB.E,1708585202267517605,1708585202267517605,782739321336747932,7827394982899746973,S,8.660,100,8.660,39373,8.650,111773,P_SUREKLI_ISLEM
18,bist,TSKB.E,1708585202267517605,1708585202267517605,782739321336747933,7827394982899754294,S,8.660,250,8.660,39123,8.650,111773,P_SUREKLI_ISLEM
19,bist,TSKB.E,1708585202267517605,1708585202267517605,782739321336747934,7827394982899756541,S,8.660,10,8.660,39113,8.650,111773,P_SUREKLI_ISLEM
20,bist,TSKB.E,1708585202267517605,1708585202267517605,782739321336747935,7827394982899759255,S,8.660,1,8.660,39112,8.650,111773,P_SUREKLI_ISLEM
21,bist,TSKB.E,1708585202267517605,1708585202267517605,782739321336747936,7827394982899885449,S,8.660,36890,8.660,2222,8.650,111773,P_SUREKLI_ISLEM
22,bist,TSKB.E,1708585202267517605,1708585202267517605,782739321336747937,7827394982899890916,S,8.660,50,8.660,2172,8.650,111773,P_SUREKLI_ISLEM
23,bist,TSKB.E,1708585202267517605,1708585202267517605,782739321336747938,7827394982900093955,S,8.660,597,8.660,1575,8.650,111773,P_SUREKLI_ISLEM
24,bist,TSKB.E,1708585202267517605,1708585202267517605,782739321336747939,7827394982900099402,S,8.660,879,8.660,696,8.650,111773,P_SUREKLI_ISLEM
25,bist,TSKB.E,1708585202267517605,1708585202267517605,782739321336747940,7827394982900111248,S,8.660,696,8.670,10603,8.650,111773,P_SUREKLI_ISLEM
26,bist,TSKB.E,1708585203383987982,1708585203383987982,782739321336748891,7827394982900096604,B,8.650,273,8.660,8419,8.650,112794,P_SUREKLI_ISLEM
27,bist,TSKB.E,1708585203383987982,1708585203383987982,782739321336748892,7827394982900099400,B,8.650,9000,8.660,8419,8.650,103794,P_SUREKLI_ISLEM
28,bist,TSKB.E,1708585203383987982,1708585203383987982,782739321336748893,7827394982900100729,B,8.650,500,8.660,8419,8.650,103294,P_SUREKLI_ISLEM
29,bist,TSKB.E,1708585203383987982,1708585203383987982,782739321336748894,7827394982900106677,B,8.650,227,8.660,8419,8.650,103067,P_SUREKLI_ISLEM
30,bist,TSKB.E,1708585204165462836,1708585204165462836,782739321336749175,7827394982899718457,S,8.660,26,8.660,9089,8.650,103656,P_SUREKLI_ISLEM
31,bist,TSKB.E,1708585205054213327,1708585205054213327,782739321336749596,7827394982899718457,S,8.660,980,8.660,8109,8.650,113846,P_SUREKLI_ISLEM
32,bist,TSKB.E,1708585206602706190,1708585206602706190,782739321336750443,7827394982900106677,B,8.650,7,8.660,8109,8.650,113840,P_SUREKLI_ISLEM
33,bist,TSKB.E,1708585207311338572,1708585207311338572,782739321336750716,7827394982900106677,B,8.650,7,8.660,8109,8.650,113833,P_SUREKLI_ISLEM
34,bist,TSKB.E,1708585208889761513,1708585208889761513,782739321336751684,7827394982899718457,S,8.660,2,8.660,7411,8.650,166268,P_SUREKLI_ISLEM
35,bist,TSKB.E,1708585209772095862,1708585209772095862,782739321336751910,7827394982900106677,B,8.650,10000,8.660,7411,8.650,161778,P_SUREKLI_ISLEM
36,bist,TSKB.E,1708585209825823568,1708585209825823568,782739321336751948,7827394982900106677,B,8.650,500,8.660,8107,8.650,161278,P_SUREKLI_ISLEM
37,bist,TSKB.E,1708585210455172038,1708585210455172038,782739321336752207,7827394982899718457,S,8.660,7,8.660,8100,8.650,164412,P_SUREKLI_ISLEM
38,bist,TSKB.E,1708585211265421324,1708585211265421324,782739321336752461,7827394982900106677,B,8.650,25,8.660,8100,8.650,164387,P_SUREKLI_ISLEM
39,bist,TSKB.E,1708585212269911811,1708585212269911811,782739321336752685,7827394982899718457,S,8.660,27,8.660,8073,8.650,164387,P_SUREKLI_ISLEM
40,bist,TSKB.E,1708585215109036581,1708585215109036581,782739321336753462,7827394982899718457,S,8.660,900,8.660,7198,8.650,164678,P_SUREKLI_ISLEM
41,bist,TSKB.E,1708585215940274580,1708585215940274580,782739321336753738,7827394982900111399,S,8.660,827,8.660,2617,8.650,258683,P_SUREKLI_ISLEM
42,bist,TSKB.E,1708585215940274580,1708585215940274580,782739321336753739,7827394982900111870,S,8.660,2592,8.660,25,8.650,258683,P_SUREKLI_ISLEM
43,bist,TSKB.E,1708585215940274580,1708585215940274580,782739321336753740,7827394982900161008,S,8.660,25,8.670,22706,8.650,258683,P_SUREKLI_ISLEM
44,bist,TSKB.E,1708585216098307195,1708585216098307195,782739321336753808,7827394982899718457,S,8.660,27,8.660,5157,8.650,258683,P_SUREKLI_ISLEM
45,bist,TSKB.E,1708585216943445343,1708585216943445343,782739321336754039,7827394982900106677,B,8.650,3300,8.660,5157,8.650,258208,P_SUREKLI_ISLEM
46,bist,TSKB.E,1708585218467803481,1708585218467803481,782739321336754636,7827394982900106677,B,8.650,5,8.660,5157,8.650,258203,P_SUREKLI_ISLEM
47,bist,TSKB.E,1708585219535960823,1708585219535960823,782739321336754837,7827394982900106677,B,8.650,130,8.660,5157,8.650,258087,P_SUREKLI_ISLEM
48,bist,TSKB.E,1708585221990187491,1708585221990187491,782739321336755533,7827394982900106677,B,8.650,40,8.660,5157,8.650,261447,P_SUREKLI_ISLEM
49,bist,TSKB.E,1708585222929322428,1708585222929322428,782739321336755746,7827394982899718457,S,8.660,288,8.660,4869,8.650,261159,P_SUREKLI_ISLEM
50,bist,TSKB.E,1708585223716644311,1708585223716644311,782739321336755846,7827394982900106677,B,8.650,3000,8.660,4869,8.650,258159,P_SUREKLI_ISLEM
51,bist,TSKB.E,1708585225323820582,1708585225323820582,782739321336756267,7827394982899718457,S,8.660,100,8.660,4769,8.650,258259,P_SUREKLI_ISLEM
52,bist,TSKB.E,1708585226996404959,1708585226996404959,782739321336756705,7827394982900106677,B,8.650,11,8.660,4769,8.650,258383,P_SUREKLI_ISLEM
53,bist,TSKB.E,1708585228413584329,1708585228413584329,782739321336757195,7827394982900171667,S,8.660,880,8.670,23181,8.650,259884,P_SUREKLI_ISLEM
54,bist,TSKB.E,1708585230292709439,1708585230292709439,782739321336757708,7827394982900106677,B,8.650,3000,8.660,9595,8.650,262381,P_SUREKLI_ISLEM
55,bist,TSKB.E,1708585230643577933,1708585230643577933,782739321336757769,7827394982900106677,B,8.650,10000,8.660,9595,8.650,252381,P_SUREKLI_ISLEM
56,bist,TSKB.E,1708585236574830346,1708585236574830346,782739321336758889,7827394982900106677,B,8.650,26,8.660,13381,8.650,247759,P_SUREKLI_ISLEM
57,bist,TSKB.E,1708585236777582745,1708585236777582745,782739321336758930,7827394982900207802,S,8.660,895,8.660,12486,8.650,247759,P_SUREKLI_ISLEM
58,bist,TSKB.E,1708585236777582745,1708585236777582745,782739321336758931,7827394982900207811,S,8.660,3700,8.660,8786,8.650,247759,P_SUREKLI_ISLEM
59,bist,TSKB.E,1708585236777582745,1708585236777582745,782739321336758932,7827394982900220777,S,8.660,405,8.660,8381,8.650,247759,P_SUREKLI_ISLEM
60,bist,TSKB.E,1708585236837655207,1708585236837655207,782739321336758943,7827394982900220777,S,8.660,26,8.660,9217,8.650,247769,P_SUREKLI_ISLEM
61,bist,TSKB.E,1708585238378726024,1708585238378726024,782739321336759156,7827394982900106677,B,8.650,2600,8.660,9200,8.650,247169,P_SUREKLI_ISLEM
62,bist,TSKB.E,1708585238711286550,1708585238711286550,782739321336759345,7827394982900220800,S,8.660,501,8.660,8699,8.650,246675,P_SUREKLI_ISLEM
63,bist,TSKB.E,1708585239286975178,1708585239286975178,782739321336759460,7827394982900220800,S,8.660,5,8.660,8694,8.650,246675,P_SUREKLI_ISLEM
64,bist,TSKB.E,1708585239628670235,1708585239628670235,782739321336759526,7827394982900106677,B,8.650,2700,8.660,38694,8.650,243975,P_SUREKLI_ISLEM
65,bist,TSKB.E,1708585240056526621,1708585240056526621,782739321336759715,7827394982900220800,S,8.660,100,8.660,38594,8.650,243975,P_SUREKLI_ISLEM
66,bist,TSKB.E,1708585245361663143,1708585245361663143,782739321336760565,7827394982900106677,B,8.650,113,8.660,38594,8.650,253385,P_SUREKLI_ISLEM
67,bist,TSKB.E,1708585250553785367,1708585250553785367,782739321336761277,7827394982900220800,S,8.660,1444,8.660,37150,8.650,253385,P_SUREKLI_ISLEM
68,bist,TSKB.E,1708585250553785367,1708585250553785367,782739321336761278,7827394982899718457,S,8.660,2500,8.660,34650,8.650,253385,P_SUREKLI_ISLEM
69,bist,TSKB.E,1708585250553785367,1708585250553785367,782739321336761279,7827394982899718462,S,8.660,2500,8.660,32150,8.650,253385,P_SUREKLI_ISLEM
70,bist,TSKB.E,1708585250553785367,1708585250553785367,782739321336761280,7827394982900232320,S,8.660,862,8.660,31288,8.650,253385,P_SUREKLI_ISLEM
71,bist,TSKB.E,1708585250553785367,1708585250553785367,782739321336761281,7827394982900233389,S,8.660,1288,8.660,30000,8.650,253385,P_SUREKLI_ISLEM
72,bist,TSKB.E,1708585250553785367,1708585250553785367,782739321336761282,7827394982900241460,S,8.660,1206,8.660,28794,8.650,253385,P_SUREKLI_ISLEM
73,bist,TSKB.E,1708585256654131194,1708585256654131194,782739321336762476,7827394982900241460,S,8.660,10,8.660,31444,8.650,263385,P_SUREKLI_ISLEM
74,bist,TSKB.E,1708585259842727409,1708585259842727409,782739321336763074,7827394982900106677,B,8.650,24465,8.660,31444,8.650,238920,P_SUREKLI_ISLEM
75,bist,TSKB.E,1708585260151173440,1708585260151173440,782739321336763094,7827394982900106677,B,8.650,1,8.660,31444,8.650,238919,P_SUREKLI_ISLEM
76,bist,TSKB.E,1708585261257532506,1708585261257532506,782739321336763270,7827394982900241460,S,8.660,1,8.660,31443,8.650,238918,P_SUREKLI_ISLEM
77,bist,TSKB.E,1708585264106031192,1708585264106031192,782739321336763871,7827394982900106677,B,8.650,500,8.660,31443,8.650,238418,P_SUREKLI_ISLEM
78,bist,TSKB.E,1708585267111897113,1708585267111897113,782739321336764433,7827394982900241460,S,8.660,1,8.660,32614,8.650,238418,P_SUREKLI_ISLEM
79,bist,TSKB.E,1708585267649948255,1708585267649948255,782739321336764531,7827394982900106677,B,8.650,50,8.660,32614,8.650,238368,P_SUREKLI_ISLEM
80,bist,TSKB.E,1708585268156062698,1708585268156062698,782739321336764651,7827394982900241460,S,8.660,43,8.660,32571,8.650,238368,P_SUREKLI_ISLEM
81,bist,TSKB.E,1708585270194805963,1708585270194805963,782739321336764978,7827394982900241460,S,8.660,501,8.660,32070,8.650,238488,P_SUREKLI_ISLEM
82,bist,TSKB.E,1708585272065676031,1708585272065676031,782739321336765296,7827394982900241460,S,8.660,28238,8.660,3832,8.650,238488,P_SUREKLI_ISLEM
83,bist,TSKB.E,1708585272065676031,1708585272065676031,782739321336765297,7827394982900262457,S,8.660,895,8.660,2937,8.650,238488,P_SUREKLI_ISLEM
84,bist,TSKB.E,1708585272065676031,1708585272065676031,782739321336765298,7827394982900262493,S,8.660,1765,8.660,1172,8.650,238488,P_SUREKLI_ISLEM
85,bist,TSKB.E,1708585272065676031,1708585272065676031,782739321336765299,7827394982900296310,S,8.660,1172,8.670,26457,8.650,238488,P_SUREKLI_ISLEM
86,bist,TSKB.E,1708585272572866631,1708585272572866631,782739321336765394,7827394982900307699,S,8.660,27,8.660,20852,8.650,248591,P_SUREKLI_ISLEM
87,bist,TSKB.E,1708585280523060174,1708585280523060174,782739321336766804,7827394982900307699,S,8.660,20,8.660,36286,8.650,245820,P_SUREKLI_ISLEM
88,bist,TSKB.E,1708585282807321893,1708585282807321893,782739321336767117,7827394982900106677,B,8.650,11598,8.660,36286,8.650,233242,P_SUREKLI_ISLEM
89,bist,TSKB.E,1708585286641169073,1708585286641169073,782739321336767590,7827394982900307699,S,8.660,10000,8.660,26286,8.650,232525,P_SUREKLI_ISLEM
90,bist,TSKB.E,1708585287300800646,1708585287300800646,782739321336767723,7827394982900307699,S,8.660,2,8.660,26284,8.650,232525,P_SUREKLI_ISLEM
91,bist,TSKB.E,1708585287422305803,1708585287422305803,782739321336767804,7827394982900307699,S,8.660,401,8.660,25883,8.650,232525,P_SUREKLI_ISLEM
92,bist,TSKB.E,1708585295838626408,1708585295838626408,782739321336769162,7827394982900307699,S,8.660,115,8.660,30768,8.650,237525,P_SUREKLI_ISLEM
93,bist,TSKB.E,1708585298539140400,1708585298539140400,782739321336769526,7827394982900307699,S,8.660,10,8.660,30758,8.650,237525,P_SUREKLI_ISLEM
94,bist,TSKB.E,1708585300903466400,1708585300903466400,782739321336769825,7827394982900307699,S,8.660,10,8.660,31748,8.650,237525,P_SUREKLI_ISLEM
95,bist,TSKB.E,1708585302106972535,1708585302106972535,782739321336769997,7827394982900307699,S,8.660,10,8.660,31738,8.650,237525,P_SUREKLI_ISLEM
96,bist,TSKB.E,1708585304978413089,1708585304978413089,782739321336770338,7827394982900307699,S,8.660,1000,8.660,30738,8.650,237525,P_SUREKLI_ISLEM
97,bist,TSKB.E,1708585304978482295,1708585304978482295,782739321336770339,7827394982900307699,S,8.660,8405,8.660,22333,8.650,237525,P_SUREKLI_ISLEM
98,bist,TSKB.E,1708585304978482295,1708585304978482295,782739321336770340,7827394982900307718,S,8.660,879,8.660,21454,8.650,237525,P_SUREKLI_ISLEM
99,bist,TSKB.E,1708585304978482295,1708585304978482295,782739321336770341,7827394982900326306,S,8.660,15454,8.660,6000,8.650,237525,P_SUREKLI_ISLEM
100,bist,TSKB.E,1708585304978482295,1708585304978482295,782739321336770342,7827394982900357631,S,8.660,5000,8.660,1000,8.650,237525,P_SUREKLI_ISLEM
101,bist,TSKB.E,1708585304978482295,1708585304978482295,782739321336770343,7827394982900367253,S,8.660,1000,8.670,33684,8.650,237525,P_SUREKLI_ISLEM
102,bist,TSKB.E,1708585304979487667,1708585304979487667,782739321336770348,7827394982900375053,B,8.660,1700,8.670,25229,8.660,10400,P_SUREKLI_ISLEM
103,bist,TSKB.E,1708585304979551187,1708585304979551187,782739321336770349,7827394982900375053,B,8.660,3300,8.670,25229,8.660,7100,P_SUREKLI_ISLEM
104,bist,TSKB.E,1708585304979551187,1708585304979551187,782739321336770350,7827394982900375077,B,8.660,6700,8.670,25229,8.660,400,P_SUREKLI_ISLEM
105,bist,TSKB.E,1708585304979581861,1708585304979581861,782739321336770351,7827394982900375077,B,8.660,400,8.670,25229,8.650,245518,P_SUREKLI_ISLEM
106,bist,TSKB.E,1708585304979754322,1708585304979754322,782739321336770352,7827394982900375099,S,8.660,1600,8.660,818,8.650,237525,P_SUREKLI_ISLEM
107,bist,TSKB.E,1708585305136024895,1708585305136024895,782739321336770366,7827394982900375115,S,8.660,2,8.660,1816,8.650,237525,P_SUREKLI_ISLEM
108,bist,TSKB.E,1708585305387105798,1708585305387105798,782739321336770390,7827394982900375115,S,8.660,10,8.660,1806,8.650,237525,P_SUREKLI_ISLEM
109,bist,TSKB.E,1708585308137495300,1708585308137495300,782739321336770849,7827394982900375115,S,8.660,10,8.660,4011,8.650,237525,P_SUREKLI_ISLEM
110,bist,TSKB.E,1708585309742149473,1708585309742149473,782739321336771166,7827394982900375115,S,8.660,30,8.660,3981,8.650,237525,P_SUREKLI_ISLEM
111,bist,TSKB.E,1708585311889456063,1708585311889456063,782739321336771531,7827394982900375115,S,8.660,766,8.660,3215,8.650,227525,P_SUREKLI_ISLEM
112,bist,TSKB.E,1708585311889456063,1708585311889456063,782739321336771532,7827394982900375121,S,8.660,1000,8.660,2215,8.650,227525,P_SUREKLI_ISLEM
113,bist,TSKB.E,1708585311889456063,1708585311889456063,782739321336771533,7827394982900377312,S,8.660,2215,8.670,34291,8.650,227525,P_SUREKLI_ISLEM
114,bist,TSKB.E,1708585311889456063,1708585311889456063,782739321336771534,7827394982899714873,S,8.670,200,8.670,34091,8.650,227525,P_SUREKLI_ISLEM
115,bist,TSKB.E,1708585311889456063,1708585311889456063,782739321336771535,7827394982899715070,S,8.670,2000,8.670,32091,8.650,227525,P_SUREKLI_ISLEM
116,bist,TSKB.E,1708585311889456063,1708585311889456063,782739321336771537,7827394982899718463,S,8.670,1319,8.670,28272,8.650,227525,P_SUREKLI_ISLEM
117,bist,TSKB.E,1708585313624994986,1708585313624994986,782739321336771826,7827394982899718463,S,8.670,2,8.670,21708,8.650,227525,P_SUREKLI_ISLEM
118,bist,TSKB.E,1708585315244259270,1708585315244259270,782739321336771970,7827394982900393669,S,8.660,1,8.660,55751,8.650,227525,P_SUREKLI_ISLEM
119,bist,TSKB.E,1708585315244354645,1708585315244354645,782739321336771971,7827394982900106677,B,8.650,26,8.660,55751,8.650,227499,P_SUREKLI_ISLEM
120,bist,TSKB.E,1708585316162131637,1708585316162131637,782739321336772097,7827394982900393669,S,8.660,10,8.660,55741,8.650,227499,P_SUREKLI_ISLEM
121,bist,TSKB.E,1708585316783889064,1708585316783889064,782739321336772184,7827394982900393669,S,8.660,400,8.660,55341,8.650,227099,P_SUREKLI_ISLEM
122,bist,TSKB.E,1708585317138758454,1708585317138758454,782739321336772271,7827394982900393669,S,8.660,200,8.660,60141,8.650,227099,P_SUREKLI_ISLEM
123,bist,TSKB.E,1708585321540128227,1708585321540128227,782739321336773113,7827394982900393669,S,8.660,49389,8.660,10752,8.650,227123,P_SUREKLI_ISLEM
124,bist,TSKB.E,1708585321540128227,1708585321540128227,782739321336773114,7827394982900393678,S,8.660,611,8.660,10141,8.650,227123,P_SUREKLI_ISLEM
125,bist,TSKB.E,1708585321540204188,1708585321540204188,782739321336773115,7827394982900393678,S,8.660,140,8.660,10001,8.650,227123,P_SUREKLI_ISLEM
126,bist,TSKB.E,1708585321540204188,1708585321540204188,782739321336773116,7827394982900393683,S,8.660,5000,8.660,5001,8.650,227123,P_SUREKLI_ISLEM
127,bist,TSKB.E,1708585321540204188,1708585321540204188,782739321336773117,7827394982900394131,S,8.660,1,8.660,5000,8.650,227123,P_SUREKLI_ISLEM
128,bist,TSKB.E,1708585321540204188,1708585321540204188,782739321336773118,7827394982900159368,S,8.660,5000,8.670,26998,8.650,227123,P_SUREKLI_ISLEM
129,bist,TSKB.E,1708585321541006057,1708585321541006057,782739321336773120,7827394982899718463,S,8.670,26,8.670,16108,8.660,5000,P_SUREKLI_ISLEM
130,bist,TSKB.E,1708585325872051138,1708585325872051138,782739321336774540,7827394982900411032,B,8.660,6,8.670,64745,8.660,7094,P_SUREKLI_ISLEM
131,bist,TSKB.E,1708585337031586662,1708585337031586662,782739321336777875,7827394982899718463,S,8.670,300,8.670,63184,8.660,31273,P_SUREKLI_ISLEM
132,bist,TSKB.E,1708585338867915360,1708585338867915360,782739321336778070,7827394982899718463,S,8.670,28,8.670,56321,8.660,47540,P_SUREKLI_ISLEM
133,bist,TSKB.E,1708585340748981289,1708585340748981289,782739321336778381,7827394982900411032,B,8.660,4994,8.670,56321,8.660,47046,P_SUREKLI_ISLEM
134,bist,TSKB.E,1708585340748981289,1708585340748981289,782739321336778382,7827394982900412185,B,8.660,100,8.670,56321,8.660,46946,P_SUREKLI_ISLEM
135,bist,TSKB.E,1708585340748981289,1708585340748981289,782739321336778383,7827394982900424335,B,8.660,2000,8.670,56321,8.660,44946,P_SUREKLI_ISLEM
136,bist,TSKB.E,1708585340748981289,1708585340748981289,782739321336778384,7827394982900427537,B,8.660,4169,8.670,56321,8.660,40777,P_SUREKLI_ISLEM
137,bist,TSKB.E,1708585340748981289,1708585340748981289,782739321336778385,7827394982900427963,B,8.660,237,8.670,56321,8.660,40540,P_SUREKLI_ISLEM
138,bist,TSKB.E,1708585345810692078,1708585345810692078,782739321336779383,7827394982900427963,B,8.660,93,8.670,57321,8.660,41447,P_SUREKLI_ISLEM
139,bist,TSKB.E,1708585347904363140,1708585347904363140,782739321336779687,7827394982900427963,B,8.660,54,8.670,57321,8.660,41393,P_SUREKLI_ISLEM
140,bist,TSKB.E,1708585351004175985,1708585351004175985,782739321336780225,7827394982899718463,S,8.670,30,8.670,57291,8.660,41393,P_SUREKLI_ISLEM
141,bist,TSKB.E,1708585352342752924,1708585352342752924,782739321336780390,7827394982900453307,B,8.660,2,8.670,57291,8.660,35760,P_SUREKLI_ISLEM
142,bist,TSKB.E,1708585352931834355,1708585352931834355,782739321336780519,7827394982900453307,B,8.660,117,8.670,57291,8.660,35643,P_SUREKLI_ISLEM
143,bist,TSKB.E,1708585353640059478,1708585353640059478,782739321336780625,7827394982899746967,S,8.670,100,8.670,60348,8.660,23267,P_SUREKLI_ISLEM
144,bist,TSKB.E,1708585353640059478,1708585353640059478,782739321336780626,7827394982899757604,S,8.670,16,8.670,60332,8.660,23267,P_SUREKLI_ISLEM
145,bist,TSKB.E,1708585353640059478,1708585353640059478,782739321336780627,7827394982899759259,S,8.670,1,8.670,60331,8.660,23267,P_SUREKLI_ISLEM
146,bist,TSKB.E,1708585353640059478,1708585353640059478,782739321336780628,7827394982899759508,S,8.670,300,8.670,60031,8.660,23267,P_SUREKLI_ISLEM
147,bist,TSKB.E,1708585353640059478,1708585353640059478,782739321336780629,7827394982899826453,S,8.670,500,8.670,59531,8.660,23267,P_SUREKLI_ISLEM
148,bist,TSKB.E,1708585353640059478,1708585353640059478,782739321336780630,7827394982899893532,S,8.670,50,8.670,59481,8.660,23267,P_SUREKLI_ISLEM
149,bist,TSKB.E,1708585353640059478,1708585353640059478,782739321336780631,7827394982900166341,S,8.670,25,8.670,59456,8.660,23267,P_SUREKLI_ISLEM
150,bist,TSKB.E,1708585353640059478,1708585353640059478,782739321336780632,7827394982900307660,S,8.670,1004,8.670,58452,8.660,23267,P_SUREKLI_ISLEM
151,bist,TSKB.E,1708585353640059478,1708585353640059478,782739321336780633,7827394982899718454,S,8.670,2209,8.670,56243,8.660,23267,P_SUREKLI_ISLEM
152,bist,TSKB.E,1708585358986431774,1708585358986431774,782739321336781495,7827394982900397113,S,8.670,709,8.670,58690,8.660,23327,P_SUREKLI_ISLEM
153,bist,TSKB.E,1708585362336071841,1708585362336071841,782739321336781995,7827394982900397113,S,8.670,291,8.670,60899,8.660,24007,P_SUREKLI_ISLEM
154,bist,TSKB.E,1708585362336071841,1708585362336071841,782739321336781996,7827394982900426176,S,8.670,209,8.670,60690,8.660,24007,P_SUREKLI_ISLEM
155,bist,TSKB.E,1708585364012986616,1708585364012986616,782739321336782245,7827394982900426176,S,8.670,5000,8.670,55690,8.660,24007,P_SUREKLI_ISLEM
156,bist,TSKB.E,1708585367633960193,1708585367633960193,782739321336782645,7827394982900426176,S,8.670,6,8.670,56684,8.660,24007,P_SUREKLI_ISLEM
157,bist,TSKB.E,1708585373261503075,1708585373261503075,782739321336783663,7827394982900426176,S,8.670,4,8.670,63540,8.660,26007,P_SUREKLI_ISLEM
158,bist,TSKB.E,1708585373463117292,1708585373463117292,782739321336783707,7827394982900426176,S,8.670,50,8.670,63490,8.660,26007,P_SUREKLI_ISLEM
159,bist,TSKB.E,1708585374382077708,1708585374382077708,782739321336783814,7827394982900426176,S,8.670,100,8.670,63390,8.660,25290,P_SUREKLI_ISLEM
160,bist,TSKB.E,1708585376781915107,1708585376781915107,782739321336784258,7827394982900454856,B,8.660,1000,8.670,63390,8.660,24290,P_SUREKLI_ISLEM
161,bist,TSKB.E,1708585376781915107,1708585376781915107,782739321336784259,7827394982900463661,B,8.660,15000,8.670,63390,8.660,9290,P_SUREKLI_ISLEM
162,bist,TSKB.E,1708585376781915107,1708585376781915107,782739321336784260,7827394982900464272,B,8.660,550,8.670,63390,8.660,8740,P_SUREKLI_ISLEM
163,bist,TSKB.E,1708585376781915107,1708585376781915107,782739321336784261,7827394982899830076,B,8.660,1000,8.670,63390,8.660,7740,P_SUREKLI_ISLEM
164,bist,TSKB.E,1708585376781915107,1708585376781915107,782739321336784262,7827394982899830417,B,8.660,3500,8.670,63390,8.660,4240,P_SUREKLI_ISLEM
165,bist,TSKB.E,1708585376781915107,1708585376781915107,782739321336784263,7827394982900470669,B,8.660,1000,8.670,63390,8.660,3240,P_SUREKLI_ISLEM
166,bist,TSKB.E,1708585376781915107,1708585376781915107,782739321336784264,7827394982900511293,B,8.660,60,8.670,63390,8.660,3180,P_SUREKLI_ISLEM
167,bist,TSKB.E,1708585376781915107,1708585376781915107,782739321336784265,7827394982900515824,B,8.660,1000,8.670,63390,8.660,2180,P_SUREKLI_ISLEM
168,bist,TSKB.E,1708585376781915107,1708585376781915107,782739321336784266,7827394982899798922,B,8.660,180,8.670,63390,8.660,2000,P_SUREKLI_ISLEM
169,bist,TSKB.E,1708585376781915107,1708585376781915107,782739321336784267,7827394982900538604,B,8.660,2000,8.670,63390,8.650,233882,P_SUREKLI_ISLEM
170,bist,TSKB.E,1708585376782571233,1708585376782571233,782739321336784269,7827394982900544911,S,8.660,31339,8.660,1043,8.650,215289,P_SUREKLI_ISLEM
171,bist,TSKB.E,1708585376866277701,1708585376866277701,782739321336784299,7827394982900544941,S,8.660,20,8.660,1023,8.650,215289,P_SUREKLI_ISLEM
172,bist,TSKB.E,1708585378034626529,1708585378034626529,782739321336784543,7827394982900544941,S,8.660,1023,8.660,2678,8.650,214726,P_SUREKLI_ISLEM
173,bist,TSKB.E,1708585378034626529,1708585378034626529,782739321336784544,7827394982900550102,S,8.660,2678,8.670,81376,8.650,214726,P_SUREKLI_ISLEM
174,bist,TSKB.E,1708585380068260423,1708585380068260423,782739321336784811,7827394982900426176,S,8.670,2500,8.670,60092,8.660,31339,P_SUREKLI_ISLEM
175,bist,TSKB.E,1708585380823092232,1708585380823092232,782739321336784904,7827394982900426176,S,8.670,26,8.670,60066,8.660,31339,P_SUREKLI_ISLEM
176,bist,TSKB.E,1708585381368567426,1708585381368567426,782739321336785050,7827394982900553668,B,8.660,11,8.670,60066,8.660,31328,P_SUREKLI_ISLEM
177,bist,TSKB.E,1708585383498162795,1708585383498162795,782739321336785410,7827394982900426176,S,8.670,241,8.670,59825,8.660,31328,P_SUREKLI_ISLEM
178,bist,TSKB.E,1708585385794814264,1708585385794814264,782739321336785771,7827394982900553668,B,8.660,1,8.670,59825,8.660,32327,P_SUREKLI_ISLEM
179,bist,TSKB.E,1708585393598468100,1708585393598468100,782739321336786946,7827394982900553668,B,8.660,119,8.670,58724,8.660,52729,P_SUREKLI_ISLEM
180,bist,TSKB.E,1708585393598528918,1708585393598528918,782739321336786947,7827394982900426176,S,8.670,27,8.670,58697,8.660,52729,P_SUREKLI_ISLEM
181,bist,TSKB.E,1708585398313844404,1708585398313844404,782739321336787671,7827394982900426176,S,8.670,12,8.670,58685,8.660,53127,P_SUREKLI_ISLEM
182,bist,TSKB.E,1708585400029969524,1708585400029969524,782739321336787901,7827394982900426176,S,8.670,3000,8.670,54989,8.660,53261,P_SUREKLI_ISLEM
183,bist,TSKB.E,1708585405155543480,1708585405155543480,782739321336788672,7827394982900426176,S,8.670,38825,8.670,16164,8.660,63962,P_SUREKLI_ISLEM
184,bist,TSKB.E,1708585405155543480,1708585405155543480,782739321336788673,7827394982900467482,S,8.670,1000,8.670,15164,8.660,63962,P_SUREKLI_ISLEM
185,bist,TSKB.E,1708585405155543480,1708585405155543480,782739321336788674,7827394982900492963,S,8.670,3000,8.670,12164,8.660,63962,P_SUREKLI_ISLEM
186,bist,TSKB.E,1708585405155543480,1708585405155543480,782739321336788675,7827394982899718463,S,8.670,2500,8.670,9664,8.660,63962,P_SUREKLI_ISLEM
187,bist,TSKB.E,1708585405155543480,1708585405155543480,782739321336788676,7827394982899718454,S,8.670,2500,8.670,7164,8.660,63962,P_SUREKLI_ISLEM
188,bist,TSKB.E,1708585405155543480,1708585405155543480,782739321336788677,7827394982900521731,S,8.670,1000,8.670,6164,8.660,63962,P_SUREKLI_ISLEM
189,bist,TSKB.E,1708585405155543480,1708585405155543480,782739321336788678,7827394982900526101,S,8.670,63,8.670,6101,8.660,63962,P_SUREKLI_ISLEM
190,bist,TSKB.E,1708585405155543480,1708585405155543480,782739321336788679,7827394982900526828,S,8.670,1000,8.670,5101,8.660,63962,P_SUREKLI_ISLEM
191,bist,TSKB.E,1708585405155543480,1708585405155543480,782739321336788680,7827394982900535056,S,8.670,5000,8.670,101,8.660,63962,P_SUREKLI_ISLEM
192,bist,TSKB.E,1708585405155543480,1708585405155543480,782739321336788681,7827394982900537648,S,8.670,101,8.680,69378,8.660,63962,P_SUREKLI_ISLEM
193,bist,TSKB.E,1708585405155675795,1708585405155675795,782739321336788687,7827394982900171645,B,8.670,5735,8.680,69378,8.670,19776,P_SUREKLI_ISLEM
194,bist,TSKB.E,1708585405156264159,1708585405156264159,782739321336788696,7827394982900171645,B,8.670,3500,8.680,69378,8.670,23376,P_SUREKLI_ISLEM
195,bist,TSKB.E,1708585405156297359,1708585405156297359,782739321336788697,7827394982900171645,B,8.670,1900,8.680,69378,8.670,21476,P_SUREKLI_ISLEM
196,bist,TSKB.E,1708585405156354607,1708585405156354607,782739321336788698,7827394982900171645,B,8.670,100,8.680,69378,8.670,21376,P_SUREKLI_ISLEM
197,bist,TSKB.E,1708585405156385031,1708585405156385031,782739321336788699,7827394982900171645,B,8.670,100,8.680,69378,8.670,21276,P_SUREKLI_ISLEM
198,bist,TSKB.E,1708585406610488770,1708585406610488770,782739321336788888,7827394982900171645,B,8.670,10000,8.680,69378,8.670,27598,P_SUREKLI_ISLEM
199,bist,TSKB.E,1708585408456316630,1708585408456316630,782739321336789220,7827394982900171645,B,8.670,18,8.680,67107,8.670,38975,P_SUREKLI_ISLEM
200,bist,TSKB.E,1708585411634482546,1708585411634482546,782739321336789740,7827394982899718452,S,8.680,18,8.680,66857,8.670,41475,P_SUREKLI_ISLEM
201,bist,TSKB.E,1708585412648527751,1708585412648527751,782739321336789853,7827394982900171645,B,8.670,150,8.680,67857,8.670,41325,P_SUREKLI_ISLEM
202,bist,TSKB.E,1708585418180469792,1708585418180469792,782739321336790708,7827394982899743213,S,8.680,500,8.680,57375,8.670,41460,P_SUREKLI_ISLEM
203,bist,TSKB.E,1708585418180469792,1708585418180469792,782739321336790709,7827394982899746963,S,8.680,100,8.680,57275,8.670,41460,P_SUREKLI_ISLEM
204,bist,TSKB.E,1708585418180469792,1708585418180469792,782739321336790710,7827394982899757605,S,8.680,16,8.680,57259,8.670,41460,P_SUREKLI_ISLEM
205,bist,TSKB.E,1708585418180469792,1708585418180469792,782739321336790711,7827394982899759263,S,8.680,1,8.680,57258,8.670,41460,P_SUREKLI_ISLEM
206,bist,TSKB.E,1708585418180469792,1708585418180469792,782739321336790712,7827394982899764962,S,8.680,400,8.680,56858,8.670,41460,P_SUREKLI_ISLEM
207,bist,TSKB.E,1708585418180469792,1708585418180469792,782739321336790713,7827394982899789345,S,8.680,3,8.680,56855,8.670,41460,P_SUREKLI_ISLEM
208,bist,TSKB.E,1708585418180469792,1708585418180469792,782739321336790714,7827394982899828328,S,8.680,3500,8.680,53355,8.670,41460,P_SUREKLI_ISLEM
209,bist,TSKB.E,1708585418180469792,1708585418180469792,782739321336790715,7827394982899895423,S,8.680,50,8.680,53305,8.670,41460,P_SUREKLI_ISLEM
210,bist,TSKB.E,1708585418180469792,1708585418180469792,782739321336790716,7827394982899942075,S,8.680,500,8.680,52805,8.670,41460,P_SUREKLI_ISLEM
211,bist,TSKB.E,1708585418180469792,1708585418180469792,782739321336790717,7827394982899957010,S,8.680,14948,8.680,37857,8.670,41460,P_SUREKLI_ISLEM
212,bist,TSKB.E,1708585425483249093,1708585425483249093,782739321336791828,7827394982900171645,B,8.670,242,8.680,47909,8.670,41218,P_SUREKLI_ISLEM
213,bist,TSKB.E,1708585426844923917,1708585426844923917,782739321336792004,7827394982899957010,S,8.680,28,8.680,47881,8.670,41218,P_SUREKLI_ISLEM
214,bist,TSKB.E,1708585429874160183,1708585429874160183,782739321336792639,7827394982900171645,B,8.670,28,8.680,47881,8.670,41640,P_SUREKLI_ISLEM
215,bist,TSKB.E,1708585435178185266,1708585435178185266,782739321336793465,7827394982899957010,S,8.680,2,8.680,47879,8.670,41640,P_SUREKLI_ISLEM
216,bist,TSKB.E,1708585441931727589,1708585441931727589,782739321336794752,7827394982900171645,B,8.670,598,8.680,47879,8.670,64906,P_SUREKLI_ISLEM
217,bist,TSKB.E,1708585443336584173,1708585443336584173,782739321336794976,7827394982900171645,B,8.670,2000,8.680,48879,8.670,62906,P_SUREKLI_ISLEM
218,bist,TSKB.E,1708585444418277837,1708585444418277837,782739321336795127,7827394982899957010,S,8.680,1,8.680,48878,8.670,62905,P_SUREKLI_ISLEM
219,bist,TSKB.E,1708585444546270136,1708585444546270136,782739321336795185,7827394982900171645,B,8.670,16,8.680,48878,8.670,62892,P_SUREKLI_ISLEM
220,bist,TSKB.E,1708585451463451733,1708585451463451733,782739321336796265,7827394982900171645,B,8.670,63,8.680,48878,8.670,90471,P_SUREKLI_ISLEM
221,bist,TSKB.E,1708585454098561774,1708585454098561774,782739321336796737,7827394982900171645,B,8.670,11,8.680,48229,8.670,90461,P_SUREKLI_ISLEM
222,bist,TSKB.E,1708585455192688835,1708585455192688835,782739321336796936,7827394982899957010,S,8.680,1,8.680,48228,8.670,90461,P_SUREKLI_ISLEM
223,bist,TSKB.E,1708585455871532251,1708585455871532251,782739321336797090,7827394982899957010,S,8.680,26,8.680,46172,8.670,91178,P_SUREKLI_ISLEM
224,bist,TSKB.E,1708585456886608759,1708585456886608759,782739321336797205,7827394982900171645,B,8.670,1050,8.680,47433,8.670,90378,P_SUREKLI_ISLEM
225,bist,TSKB.E,1708585456886608759,1708585456886608759,782739321336797206,7827394982900601204,B,8.670,2258,8.680,47433,8.670,88120,P_SUREKLI_ISLEM
226,bist,TSKB.E,1708585458632825513,1708585458632825513,782739321336797412,7827394982899957010,S,8.680,8,8.680,47425,8.670,88120,P_SUREKLI_ISLEM
227,bist,TSKB.E,1708585464529009438,1708585464529009438,782739321336798285,7827394982900601204,B,8.670,2,8.680,47425,8.670,88118,P_SUREKLI_ISLEM
228,bist,TSKB.E,1708585467588441372,1708585467588441372,782739321336798885,7827394982899957010,S,8.680,120,8.680,47305,8.670,88321,P_SUREKLI_ISLEM
229,bist,TSKB.E,1708585467916089191,1708585467916089191,782739321336798946,7827394982899957010,S,8.680,1,8.680,47304,8.670,88320,P_SUREKLI_ISLEM
230,bist,TSKB.E,1708585468056815665,1708585468056815665,782739321336798959,7827394982900601204,B,8.670,15000,8.680,47304,8.670,73320,P_SUREKLI_ISLEM
231,bist,TSKB.E,1708585470420875267,1708585470420875267,782739321336799269,7827394982899957010,S,8.680,1,8.680,47303,8.670,73319,P_SUREKLI_ISLEM
232,bist,TSKB.E,1708585471412126478,1708585471412126478,782739321336799420,7827394982899957010,S,8.680,200,8.680,47103,8.670,73319,P_SUREKLI_ISLEM
233,bist,TSKB.E,1708585478297139189,1708585478297139189,782739321336800365,7827394982900601204,B,8.670,900,8.680,67105,8.670,71716,P_SUREKLI_ISLEM
234,bist,TSKB.E,1708585478562055510,1708585478562055510,782739321336800389,7827394982899957010,S,8.680,2,8.680,67103,8.670,71716,P_SUREKLI_ISLEM
235,bist,TSKB.E,1708585478927912343,1708585478927912343,782739321336800417,7827394982899957010,S,8.680,2,8.680,67101,8.670,71716,P_SUREKLI_ISLEM
236,bist,TSKB.E,1708585479314398524,1708585479314398524,782739321336800482,7827394982899957010,S,8.680,2,8.680,67099,8.670,71716,P_SUREKLI_ISLEM
237,bist,TSKB.E,1708585479767079430,1708585479767079430,782739321336800547,7827394982899957010,S,8.680,2,8.680,67097,8.670,71716,P_SUREKLI_ISLEM
238,bist,TSKB.E,1708585480203292854,1708585480203292854,782739321336800586,7827394982899957010,S,8.680,2,8.680,67095,8.670,71716,P_SUREKLI_ISLEM
239,bist,TSKB.E,1708585480688662587,1708585480688662587,782739321336800651,7827394982899957010,S,8.680,2,8.680,67093,8.670,71721,P_SUREKLI_ISLEM
240,bist,TSKB.E,1708585480798888049,1708585480798888049,782739321336800664,7827394982899957010,S,8.680,4652,8.680,62441,8.670,44079,P_SUREKLI_ISLEM
241,bist,TSKB.E,1708585480798888049,1708585480798888049,782739321336800665,7827394982900173506,S,8.680,25,8.680,62416,8.670,44079,P_SUREKLI_ISLEM
242,bist,TSKB.E,1708585480798888049,1708585480798888049,782739321336800666,7827394982900469226,S,8.680,22924,8.680,39492,8.670,44079,P_SUREKLI_ISLEM
243,bist,TSKB.E,1708585481097329617,1708585481097329617,782739321336800694,7827394982900469226,S,8.680,2,8.680,39490,8.670,56597,P_SUREKLI_ISLEM
244,bist,TSKB.E,1708585481516689181,1708585481516689181,782739321336800754,7827394982900469226,S,8.680,2,8.680,39488,8.670,56897,P_SUREKLI_ISLEM
245,bist,TSKB.E,1708585481969321957,1708585481969321957,782739321336800809,7827394982900469226,S,8.680,2,8.680,39486,8.670,56897,P_SUREKLI_ISLEM
246,bist,TSKB.E,1708585482420086649,1708585482420086649,782739321336800865,7827394982900469226,S,8.680,2,8.680,39484,8.670,56897,P_SUREKLI_ISLEM
247,bist,TSKB.E,1708585485724612033,1708585485724612033,782739321336801229,7827394982900601204,B,8.670,40,8.680,43984,8.670,56857,P_SUREKLI_ISLEM
248,bist,TSKB.E,1708585486644669523,1708585486644669523,782739321336801358,7827394982900469226,S,8.680,2068,8.680,41916,8.670,56957,P_SUREKLI_ISLEM
249,bist,TSKB.E,1708585486644669523,1708585486644669523,782739321336801359,7827394982899737641,S,8.680,1668,8.680,40248,8.670,56957,P_SUREKLI_ISLEM
250,bist,TSKB.E,1708585486644669523,1708585486644669523,782739321336801360,7827394982900609350,S,8.680,1264,8.680,38984,8.670,56957,P_SUREKLI_ISLEM
251,bist,TSKB.E,1708585487563867600,1708585487563867600,782739321336801603,7827394982900601204,B,8.670,5222,8.680,38984,8.670,53444,P_SUREKLI_ISLEM
252,bist,TSKB.E,1708585487563867600,1708585487563867600,782739321336801604,7827394982900605108,B,8.670,11000,8.680,38984,8.670,42444,P_SUREKLI_ISLEM
253,bist,TSKB.E,1708585487563867600,1708585487563867600,782739321336801605,7827394982900606062,B,8.670,394,8.680,38984,8.670,42050,P_SUREKLI_ISLEM
254,bist,TSKB.E,1708585487563867600,1708585487563867600,782739321336801606,7827394982900613520,B,8.670,2500,8.680,38984,8.670,39550,P_SUREKLI_ISLEM
255,bist,TSKB.E,1708585487563867600,1708585487563867600,782739321336801607,7827394982900151397,B,8.670,134,8.680,38984,8.670,39416,P_SUREKLI_ISLEM
256,bist,TSKB.E,1708585487563867600,1708585487563867600,782739321336801608,7827394982899921386,B,8.670,1,8.680,38984,8.670,39415,P_SUREKLI_ISLEM
257,bist,TSKB.E,1708585487563867600,1708585487563867600,782739321336801609,7827394982900654109,B,8.670,450,8.680,38984,8.670,38965,P_SUREKLI_ISLEM
258,bist,TSKB.E,1708585487563867600,1708585487563867600,782739321336801610,7827394982900671615,B,8.670,13199,8.680,38984,8.670,25766,P_SUREKLI_ISLEM
259,bist,TSKB.E,1708585487564036355,1708585487564036355,782739321336801611,7827394982900671615,B,8.670,10664,8.680,39949,8.670,15102,P_SUREKLI_ISLEM
260,bist,TSKB.E,1708585487564036355,1708585487564036355,782739321336801612,7827394982900679101,B,8.670,3,8.680,39949,8.670,15099,P_SUREKLI_ISLEM
261,bist,TSKB.E,1708585487564036355,1708585487564036355,782739321336801613,7827394982900696308,B,8.670,250,8.680,39949,8.670,14849,P_SUREKLI_ISLEM
262,bist,TSKB.E,1708585487564036355,1708585487564036355,782739321336801614,7827394982900715761,B,8.670,3,8.680,39949,8.670,14846,P_SUREKLI_ISLEM
263,bist,TSKB.E,1708585487564036355,1708585487564036355,782739321336801615,7827394982900716704,B,8.670,200,8.680,39949,8.670,14646,P_SUREKLI_ISLEM
264,bist,TSKB.E,1708585487564036355,1708585487564036355,782739321336801616,7827394982900732226,B,8.670,14,8.680,39949,8.670,14632,P_SUREKLI_ISLEM
265,bist,TSKB.E,1708585487564036355,1708585487564036355,782739321336801617,7827394982900739641,B,8.670,5,8.680,39949,8.670,14627,P_SUREKLI_ISLEM
266,bist,TSKB.E,1708585487564036355,1708585487564036355,782739321336801618,7827394982900741171,B,8.670,12518,8.680,39949,8.670,2109,P_SUREKLI_ISLEM
267,bist,TSKB.E,1708585487564036355,1708585487564036355,782739321336801619,7827394982900741763,B,8.670,300,8.680,39949,8.670,1809,P_SUREKLI_ISLEM
268,bist,TSKB.E,1708585487564036355,1708585487564036355,782739321336801620,7827394982900750259,B,8.670,100,8.680,39949,8.670,1709,P_SUREKLI_ISLEM
269,bist,TSKB.E,1708585487564036355,1708585487564036355,782739321336801621,7827394982900752720,B,8.670,1709,8.680,39949,8.660,73660,P_SUREKLI_ISLEM
270,bist,TSKB.E,1708585487730089422,1708585487730089422,782739321336801638,7827394982900754183,S,8.670,576,8.670,32378,8.660,60497,P_SUREKLI_ISLEM
271,bist,TSKB.E,1708585487730153249,1708585487730153249,782739321336801639,7827394982900553668,B,8.660,26,8.670,32378,8.660,60471,P_SUREKLI_ISLEM
272,bist,TSKB.E,1708585487730163554,1708585487730163554,782739321336801640,7827394982900553668,B,8.660,27,8.670,32378,8.660,60444,P_SUREKLI_ISLEM
273,bist,TSKB.E,1708585490369955344,1708585490369955344,782739321336802000,7827394982900553668,B,8.660,2100,8.670,35426,8.660,57666,P_SUREKLI_ISLEM
274,bist,TSKB.E,1708585494592064228,1708585494592064228,782739321336802402,7827394982900553668,B,8.660,500,8.670,35476,8.660,57546,P_SUREKLI_ISLEM
275,bist,TSKB.E,1708585495668696885,1708585495668696885,782739321336802510,7827394982900754183,S,8.670,153,8.670,35323,8.660,57546,P_SUREKLI_ISLEM
276,bist,TSKB.E,1708585504150905971,1708585504150905971,782739321336803857,7827394982900553668,B,8.660,3200,8.670,65366,8.660,54351,P_SUREKLI_ISLEM
277,bist,TSKB.E,1708585506965254892,1708585506965254892,782739321336804476,7827394982900754183,S,8.670,7833,8.670,57533,8.660,54351,P_SUREKLI_ISLEM
278,bist,TSKB.E,1708585507078511248,1708585507078511248,782739321336804509,7827394982900553668,B,8.660,27,8.670,59952,8.660,54324,P_SUREKLI_ISLEM
279,bist,TSKB.E,1708585509620085777,1708585509620085777,782739321336805044,7827394982900754183,S,8.670,60,8.670,59892,8.660,54324,P_SUREKLI_ISLEM
280,bist,TSKB.E,1708585511793902119,1708585511793902119,782739321336805273,7827394982900754183,S,8.670,2,8.670,59940,8.660,54324,P_SUREKLI_ISLEM
281,bist,TSKB.E,1708585513253612912,1708585513253612912,782739321336805607,7827394982900754183,S,8.670,298,8.670,59642,8.660,54026,P_SUREKLI_ISLEM
282,bist,TSKB.E,1708585515029677480,1708585515029677480,782739321336805906,7827394982900754183,S,8.670,2,8.670,59640,8.660,54026,P_SUREKLI_ISLEM
283,bist,TSKB.E,1708585515413126035,1708585515413126035,782739321336805987,7827394982900754183,S,8.670,2,8.670,59638,8.660,54026,P_SUREKLI_ISLEM
284,bist,TSKB.E,1708585515927326697,1708585515927326697,782739321336806067,7827394982900754183,S,8.670,2,8.670,59636,8.660,54026,P_SUREKLI_ISLEM
285,bist,TSKB.E,1708585516408317800,1708585516408317800,782739321336806134,7827394982900754183,S,8.670,1,8.670,59635,8.660,54030,P_SUREKLI_ISLEM
286,bist,TSKB.E,1708585516424377155,1708585516424377155,782739321336806140,7827394982900754183,S,8.670,2,8.670,59633,8.660,54030,P_SUREKLI_ISLEM
287,bist,TSKB.E,1708585516975315338,1708585516975315338,782739321336806223,7827394982900754183,S,8.670,2,8.670,59631,8.660,59030,P_SUREKLI_ISLEM
288,bist,TSKB.E,1708585517504816877,1708585517504816877,782739321336806327,7827394982900754183,S,8.670,2,8.670,59629,8.660,59030,P_SUREKLI_ISLEM
289,bist,TSKB.E,1708585517977732671,1708585517977732671,782739321336806376,7827394982900754183,S,8.670,2,8.670,59627,8.660,59030,P_SUREKLI_ISLEM
290,bist,TSKB.E,1708585518464182926,1708585518464182926,782739321336806401,7827394982900754183,S,8.670,2,8.670,59625,8.660,59030,P_SUREKLI_ISLEM
291,bist,TSKB.E,1708585518876891015,1708585518876891015,782739321336806511,7827394982900754183,S,8.670,2,8.670,59623,8.660,59030,P_SUREKLI_ISLEM
292,bist,TSKB.E,1708585519197652780,1708585519197652780,782739321336806555,7827394982900553668,B,8.660,9500,8.670,59623,8.660,49530,P_SUREKLI_ISLEM
293,bist,TSKB.E,1708585519371839023,1708585519371839023,782739321336806580,7827394982900754183,S,8.670,2,8.670,59621,8.660,33702,P_SUREKLI_ISLEM
294,bist,TSKB.E,1708585519792460379,1708585519792460379,782739321336806621,7827394982900754183,S,8.670,2,8.670,59619,8.660,33702,P_SUREKLI_ISLEM
295,bist,TSKB.E,1708585520060400648,1708585520060400648,782739321336806731,7827394982900754183,S,8.670,13,8.670,59606,8.660,33702,P_SUREKLI_ISLEM
296,bist,TSKB.E,1708585520219114152,1708585520219114152,782739321336806755,7827394982900754183,S,8.670,2,8.670,59604,8.660,33702,P_SUREKLI_ISLEM
297,bist,TSKB.E,1708585521372434643,1708585521372434643,782739321336806895,7827394982900754183,S,8.670,10,8.670,59594,8.660,33702,P_SUREKLI_ISLEM
298,bist,TSKB.E,1708585524263063181,1708585524263063181,782739321336807253,7827394982900754183,S,8.670,1000,8.670,60594,8.660,33702,P_SUREKLI_ISLEM
299,bist,TSKB.E,1708585531115670424,1708585531115670424,782739321336808024,7827394982900754183,S,8.670,13452,8.670,47142,8.660,33702,P_SUREKLI_ISLEM
300,bist,TSKB.E,1708585531115670424,1708585531115670424,782739321336808025,7827394982900754201,S,8.670,957,8.670,46185,8.660,33702,P_SUREKLI_ISLEM
301,bist,TSKB.E,1708585531115670424,1708585531115670424,782739321336808026,7827394982900692079,S,8.670,7510,8.670,38675,8.660,33702,P_SUREKLI_ISLEM
302,bist,TSKB.E,1708585531115670424,1708585531115670424,782739321336808027,7827394982900609350,S,8.670,1781,8.670,36894,8.660,33702,P_SUREKLI_ISLEM
303,bist,TSKB.E,1708585533487176035,1708585533487176035,782739321336808364,7827394982900609350,S,8.670,1,8.670,37644,8.660,33702,P_SUREKLI_ISLEM
304,bist,TSKB.E,1708585534166598526,1708585534166598526,782739321336808528,7827394982900609350,S,8.670,1000,8.670,36644,8.660,33702,P_SUREKLI_ISLEM
305,bist,TSKB.E,1708585536349765896,1708585536349765896,782739321336808966,7827394982900763365,S,8.670,50,8.670,36328,8.660,33702,P_SUREKLI_ISLEM
306,bist,TSKB.E,1708585536349765896,1708585536349765896,782739321336808967,7827394982900776345,S,8.670,757,8.670,35571,8.660,33702,P_SUREKLI_ISLEM
307,bist,TSKB.E,1708585548163937435,1708585548163937435,782739321336810433,7827394982900776345,S,8.670,10,8.670,115836,8.660,33702,P_SUREKLI_ISLEM
308,bist,TSKB.E,1708585553084022278,1708585553084022278,782739321336811119,7827394982900566737,B,8.660,100,8.670,115986,8.660,33602,P_SUREKLI_ISLEM
309,bist,TSKB.E,1708585556600733518,1708585556600733518,782739321336811503,7827394982900776345,S,8.670,233,8.670,115753,8.660,43604,P_SUREKLI_ISLEM
310,bist,TSKB.E,1708585556600733518,1708585556600733518,782739321336811504,7827394982899740712,S,8.670,9767,8.670,105986,8.660,43604,P_SUREKLI_ISLEM
311,bist,TSKB.E,1708585561653907145,1708585561653907145,782739321336812279,7827394982899740712,S,8.670,233,8.670,105753,8.660,53604,P_SUREKLI_ISLEM
312,bist,TSKB.E,1708585561653907145,1708585561653907145,782739321336812280,7827394982900114036,S,8.670,1767,8.670,103986,8.660,53604,P_SUREKLI_ISLEM
313,bist,TSKB.E,1708585564715977465,1708585564715977465,782739321336812730,7827394982900114036,S,8.670,6000,8.670,97986,8.660,53654,P_SUREKLI_ISLEM
314,bist,TSKB.E,1708585566230854505,1708585566230854505,782739321336813051,7827394982900114036,S,8.670,10,8.670,96937,8.660,53654,P_SUREKLI_ISLEM
315,bist,TSKB.E,1708585571548675379,1708585571548675379,782739321336813818,7827394982900114036,S,8.670,25,8.670,97612,8.660,53664,P_SUREKLI_ISLEM
316,bist,TSKB.E,1708585572364276648,1708585572364276648,782739321336813933,7827394982900566737,B,8.660,500,8.670,97612,8.660,53164,P_SUREKLI_ISLEM
317,bist,TSKB.E,1708585574606364332,1708585574606364332,782739321336814175,7827394982900114036,S,8.670,200,8.670,97422,8.660,53164,P_SUREKLI_ISLEM
318,bist,TSKB.E,1708585579048916011,1708585579048916011,782739321336814701,7827394982900114036,S,8.670,10,8.670,97412,8.660,54164,P_SUREKLI_ISLEM
319,bist,TSKB.E,1708585583480305421,1708585583480305421,782739321336815298,7827394982900566737,B,8.660,1,8.670,97526,8.660,54163,P_SUREKLI_ISLEM
320,bist,TSKB.E,1708585586198687832,1708585586198687832,782739321336815760,7827394982900114036,S,8.670,1000,8.670,96526,8.660,54163,P_SUREKLI_ISLEM
321,bist,TSKB.E,1708585587628455324,1708585587628455324,782739321336815927,7827394982900114036,S,8.670,988,8.670,95703,8.660,54163,P_SUREKLI_ISLEM
322,bist,TSKB.E,1708585587628455324,1708585587628455324,782739321336815928,7827394982900777175,S,8.670,494,8.670,95209,8.660,54163,P_SUREKLI_ISLEM
323,bist,TSKB.E,1708585587628455324,1708585587628455324,782739321336815929,7827394982900777293,S,8.670,4614,8.670,90595,8.660,54163,P_SUREKLI_ISLEM
324,bist,TSKB.E,1708585587628455324,1708585587628455324,782739321336815930,7827394982900784748,S,8.670,5000,8.670,85595,8.660,54163,P_SUREKLI_ISLEM
325,bist,TSKB.E,1708585587628455324,1708585587628455324,782739321336815931,7827394982900797652,S,8.670,385,8.670,85210,8.660,54163,P_SUREKLI_ISLEM
326,bist,TSKB.E,1708585591099887027,1708585591099887027,782739321336816319,7827394982900566737,B,8.660,4,8.670,86986,8.660,56984,P_SUREKLI_ISLEM
327,bist,TSKB.E,1708585598402897055,1708585598402897055,782739321336817268,7827394982900566737,B,8.660,50,8.670,87086,8.660,58196,P_SUREKLI_ISLEM
328,bist,TSKB.E,1708585606685317069,1708585606685317069,782739321336818680,7827394982900566737,B,8.660,10,8.670,88076,8.660,57291,P_SUREKLI_ISLEM
329,bist,TSKB.E,1708585606895002022,1708585606895002022,782739321336818695,7827394982900797652,S,8.670,115,8.670,87961,8.660,57291,P_SUREKLI_ISLEM
330,bist,TSKB.E,1708585607638855997,1708585607638855997,782739321336818785,7827394982900797652,S,8.670,102,8.670,87859,8.660,57291,P_SUREKLI_ISLEM
331,bist,TSKB.E,1708585609005897211,1708585609005897211,782739321336818913,7827394982900797652,S,8.670,10,8.670,87849,8.660,58291,P_SUREKLI_ISLEM
332,bist,TSKB.E,1708585611013689330,1708585611013689330,782739321336819171,7827394982900797652,S,8.670,768,8.670,187081,8.660,58591,P_SUREKLI_ISLEM
333,bist,TSKB.E,1708585611013689330,1708585611013689330,782739321336819172,7827394982900808139,S,8.670,50,8.670,187031,8.660,58591,P_SUREKLI_ISLEM
334,bist,TSKB.E,1708585611013689330,1708585611013689330,782739321336819173,7827394982900829743,S,8.670,2000,8.670,185031,8.660,58591,P_SUREKLI_ISLEM
335,bist,TSKB.E,1708585611013689330,1708585611013689330,782739321336819174,7827394982900846922,S,8.670,751,8.670,184280,8.660,58591,P_SUREKLI_ISLEM
336,bist,TSKB.E,1708585611013689330,1708585611013689330,782739321336819175,7827394982900860129,S,8.670,74,8.670,184206,8.660,58591,P_SUREKLI_ISLEM
337,bist,TSKB.E,1708585611013689330,1708585611013689330,782739321336819176,7827394982900865735,S,8.670,8357,8.670,175849,8.660,58591,P_SUREKLI_ISLEM
338,bist,TSKB.E,1708585619872197551,1708585619872197551,782739321336820129,7827394982900566737,B,8.660,42,8.670,176859,8.660,58549,P_SUREKLI_ISLEM
339,bist,TSKB.E,1708585619996658170,1708585619996658170,782739321336820142,7827394982900566737,B,8.660,293,8.670,177902,8.660,58256,P_SUREKLI_ISLEM
340,bist,TSKB.E,1708585619996658170,1708585619996658170,782739321336820143,7827394982900568349,B,8.660,67,8.670,177902,8.660,58189,P_SUREKLI_ISLEM
341,bist,TSKB.E,1708585624551176297,1708585624551176297,782739321336821232,7827394982900865735,S,8.670,6,8.670,177896,8.660,58189,P_SUREKLI_ISLEM
342,bist,TSKB.E,1708585625156059210,1708585625156059210,782739321336821325,7827394982900568349,B,8.660,1433,8.670,177896,8.660,56756,P_SUREKLI_ISLEM
343,bist,TSKB.E,1708585625156059210,1708585625156059210,782739321336821326,7827394982900574792,B,8.660,8567,8.670,177896,8.660,48189,P_SUREKLI_ISLEM
344,bist,TSKB.E,1708585625156143659,1708585625156143659,782739321336821327,7827394982900574792,B,8.660,6433,8.670,177896,8.660,41756,P_SUREKLI_ISLEM
345,bist,TSKB.E,1708585625156143659,1708585625156143659,782739321336821328,7827394982900575091,B,8.660,4000,8.670,177896,8.660,37756,P_SUREKLI_ISLEM
346,bist,TSKB.E,1708585625156143659,1708585625156143659,782739321336821329,7827394982900576736,B,8.660,21,8.670,177896,8.660,37735,P_SUREKLI_ISLEM
347,bist,TSKB.E,1708585625156143659,1708585625156143659,782739321336821330,7827394982900588382,B,8.660,100,8.670,177896,8.660,37635,P_SUREKLI_ISLEM
348,bist,TSKB.E,1708585625156143659,1708585625156143659,782739321336821331,7827394982900593267,B,8.660,3000,8.670,177896,8.660,34635,P_SUREKLI_ISLEM
349,bist,TSKB.E,1708585625156143659,1708585625156143659,782739321336821332,7827394982899922563,B,8.660,1,8.670,177896,8.660,34634,P_SUREKLI_ISLEM
350,bist,TSKB.E,1708585625156143659,1708585625156143659,782739321336821333,7827394982900706897,B,8.660,40,8.670,177896,8.660,34594,P_SUREKLI_ISLEM
351,bist,TSKB.E,1708585625156143659,1708585625156143659,782739321336821334,7827394982899830038,B,8.660,3000,8.670,177896,8.660,31594,P_SUREKLI_ISLEM
352,bist,TSKB.E,1708585625156143659,1708585625156143659,782739321336821335,7827394982900141895,B,8.660,20,8.670,177896,8.660,31574,P_SUREKLI_ISLEM
353,bist,TSKB.E,1708585625156143659,1708585625156143659,782739321336821336,7827394982900141870,B,8.660,111,8.670,177896,8.660,31463,P_SUREKLI_ISLEM
354,bist,TSKB.E,1708585625156143659,1708585625156143659,782739321336821337,7827394982900779568,B,8.660,5,8.670,177896,8.660,31458,P_SUREKLI_ISLEM
355,bist,TSKB.E,1708585625156143659,1708585625156143659,782739321336821338,7827394982900819283,B,8.660,4,8.670,177896,8.660,31454,P_SUREKLI_ISLEM
356,bist,TSKB.E,1708585625156143659,1708585625156143659,782739321336821339,7827394982900821069,B,8.660,5000,8.670,177896,8.660,26454,P_SUREKLI_ISLEM
357,bist,TSKB.E,1708585625156143659,1708585625156143659,782739321336821340,7827394982899738557,B,8.660,2,8.670,177896,8.660,26452,P_SUREKLI_ISLEM
358,bist,TSKB.E,1708585625156143659,1708585625156143659,782739321336821341,7827394982900888058,B,8.660,10000,8.670,177896,8.660,16452,P_SUREKLI_ISLEM
359,bist,TSKB.E,1708585625156143659,1708585625156143659,782739321336821342,7827394982900535778,B,8.660,10000,8.670,177896,8.660,6452,P_SUREKLI_ISLEM
360,bist,TSKB.E,1708585625156143659,1708585625156143659,782739321336821343,7827394982900898138,B,8.660,50,8.670,177896,8.660,6402,P_SUREKLI_ISLEM
361,bist,TSKB.E,1708585625156143659,1708585625156143659,782739321336821344,7827394982900912376,B,8.660,10,8.670,177896,8.660,6392,P_SUREKLI_ISLEM
362,bist,TSKB.E,1708585625156143659,1708585625156143659,782739321336821345,7827394982900926038,B,8.660,1000,8.670,177896,8.660,5392,P_SUREKLI_ISLEM
363,bist,TSKB.E,1708585625156143659,1708585625156143659,782739321336821346,7827394982899829818,B,8.660,2825,8.670,177896,8.660,2567,P_SUREKLI_ISLEM
364,bist,TSKB.E,1708585625156143659,1708585625156143659,782739321336821347,7827394982900951645,B,8.660,50,8.670,177896,8.660,2517,P_SUREKLI_ISLEM
365,bist,TSKB.E,1708585625156143659,1708585625156143659,782739321336821348,7827394982899801603,B,8.660,1212,8.670,177896,8.660,1305,P_SUREKLI_ISLEM
366,bist,TSKB.E,1708585625156143659,1708585625156143659,782739321336821349,7827394982900977012,B,8.660,5,8.670,177896,8.660,1300,P_SUREKLI_ISLEM
367,bist,TSKB.E,1708585625156143659,1708585625156143659,782739321336821350,7827394982900980629,B,8.660,1000,8.670,177896,8.660,300,P_SUREKLI_ISLEM
368,bist,TSKB.E,1708585625156143659,1708585625156143659,782739321336821351,7827394982900984968,B,8.660,300,8.670,177896,8.650,89070,P_SUREKLI_ISLEM
369,bist,TSKB.E,1708585626879414857,1708585626879414857,782739321336821576,7827394982901019050,S,8.660,3000,8.660,28780,8.650,77371,P_SUREKLI_ISLEM
370,bist,TSKB.E,1708585629782296129,1708585629782296129,782739321336822019,7827394982901019050,S,8.660,114,8.660,28666,8.650,76718,P_SUREKLI_ISLEM
371,bist,TSKB.E,1708585636187104222,1708585636187104222,782739321336822915,7827394982901019050,S,8.660,10,8.660,49654,8.650,76718,P_SUREKLI_ISLEM
372,bist,TSKB.E,1708585640636496786,1708585640636496786,782739321336823405,7827394982901019050,S,8.660,9,8.660,51245,8.650,76718,P_SUREKLI_ISLEM
373,bist,TSKB.E,1708585640711329924,1708585640711329924,782739321336823411,7827394982900110406,B,8.650,2000,8.660,51245,8.650,74718,P_SUREKLI_ISLEM
374,bist,TSKB.E,1708585640711329924,1708585640711329924,782739321336823412,7827394982900121441,B,8.650,10000,8.660,51245,8.650,64718,P_SUREKLI_ISLEM
375,bist,TSKB.E,1708585640711329924,1708585640711329924,782739321336823413,7827394982900125833,B,8.650,190,8.660,51245,8.650,64528,P_SUREKLI_ISLEM
376,bist,TSKB.E,1708585640711329924,1708585640711329924,782739321336823414,7827394982900127212,B,8.650,1,8.660,51245,8.650,64527,P_SUREKLI_ISLEM
377,bist,TSKB.E,1708585640711329924,1708585640711329924,782739321336823415,7827394982900139038,B,8.650,115,8.660,51245,8.650,64412,P_SUREKLI_ISLEM
378,bist,TSKB.E,1708585640711329924,1708585640711329924,782739321336823416,7827394982900140090,B,8.650,2694,8.660,51245,8.650,61718,P_SUREKLI_ISLEM
379,bist,TSKB.E,1708585640711495887,1708585640711495887,782739321336823417,7827394982900140090,B,8.650,47306,8.660,51245,8.650,9412,P_SUREKLI_ISLEM
380,bist,TSKB.E,1708585640711495887,1708585640711495887,782739321336823418,7827394982900142380,B,8.650,150,8.660,51245,8.650,9262,P_SUREKLI_ISLEM
381,bist,TSKB.E,1708585640711495887,1708585640711495887,782739321336823419,7827394982900147190,B,8.650,10,8.660,51245,8.650,9252,P_SUREKLI_ISLEM
382,bist,TSKB.E,1708585640711495887,1708585640711495887,782739321336823420,7827394982900147993,B,8.650,1000,8.660,51245,8.650,8252,P_SUREKLI_ISLEM
383,bist,TSKB.E,1708585640711495887,1708585640711495887,782739321336823421,7827394982900149890,B,8.650,3000,8.660,51245,8.650,5252,P_SUREKLI_ISLEM
384,bist,TSKB.E,1708585640711495887,1708585640711495887,782739321336823422,7827394982900166092,B,8.650,3,8.660,51245,8.650,5249,P_SUREKLI_ISLEM
385,bist,TSKB.E,1708585640711495887,1708585640711495887,782739321336823423,7827394982900180756,B,8.650,14,8.660,51245,8.650,5235,P_SUREKLI_ISLEM
386,bist,TSKB.E,1708585640711495887,1708585640711495887,782739321336823424,7827394982900198491,B,8.650,75,8.660,51245,8.650,5160,P_SUREKLI_ISLEM
387,bist,TSKB.E,1708585640711495887,1708585640711495887,782739321336823425,7827394982900200275,B,8.650,2,8.660,51245,8.650,5158,P_SUREKLI_ISLEM
388,bist,TSKB.E,1708585640711495887,1708585640711495887,782739321336823426,7827394982900201809,B,8.650,58,8.660,51245,8.650,5100,P_SUREKLI_ISLEM
389,bist,TSKB.E,1708585640711495887,1708585640711495887,782739321336823427,7827394982900202597,B,8.650,501,8.660,51245,8.650,4599,P_SUREKLI_ISLEM
390,bist,TSKB.E,1708585640711495887,1708585640711495887,782739321336823428,7827394982900204064,B,8.650,1000,8.660,51245,8.650,3599,P_SUREKLI_ISLEM
391,bist,TSKB.E,1708585640711495887,1708585640711495887,782739321336823429,7827394982900210774,B,8.650,400,8.660,51245,8.650,3199,P_SUREKLI_ISLEM
392,bist,TSKB.E,1708585640711495887,1708585640711495887,782739321336823430,7827394982900232319,B,8.650,10,8.660,51245,8.650,3189,P_SUREKLI_ISLEM
393,bist,TSKB.E,1708585640711495887,1708585640711495887,782739321336823431,7827394982900252081,B,8.650,100,8.660,51245,8.650,3089,P_SUREKLI_ISLEM
394,bist,TSKB.E,1708585640711495887,1708585640711495887,782739321336823432,7827394982900301928,B,8.650,120,8.660,51245,8.650,2969,P_SUREKLI_ISLEM
395,bist,TSKB.E,1708585640711495887,1708585640711495887,782739321336823433,7827394982900308954,B,8.650,10,8.660,51245,8.650,2959,P_SUREKLI_ISLEM
396,bist,TSKB.E,1708585640711495887,1708585640711495887,782739321336823434,7827394982900399638,B,8.650,24,8.660,51245,8.650,2935,P_SUREKLI_ISLEM
397,bist,TSKB.E,1708585640711495887,1708585640711495887,782739321336823435,7827394982900588696,B,8.650,870,8.660,51245,8.650,2065,P_SUREKLI_ISLEM
398,bist,TSKB.E,1708585640711495887,1708585640711495887,782739321336823436,7827394982900691914,B,8.650,5,8.660,51245,8.650,2060,P_SUREKLI_ISLEM
399,bist,TSKB.E,1708585640711495887,1708585640711495887,782739321336823437,7827394982900692078,B,8.650,1000,8.660,51245,8.650,1060,P_SUREKLI_ISLEM
400,bist,TSKB.E,1708585640711495887,1708585640711495887,782739321336823438,7827394982900827706,B,8.650,10,8.660,51245,8.650,1050,P_SUREKLI_ISLEM
401,bist,TSKB.E,1708585640711495887,1708585640711495887,782739321336823439,7827394982900930084,B,8.650,1000,8.660,51245,8.650,50,P_SUREKLI_ISLEM
402,bist,TSKB.E,1708585640711495887,1708585640711495887,782739321336823440,7827394982900991124,B,8.650,50,8.660,51245,8.640,50880,P_SUREKLI_ISLEM
403,bist,TSKB.E,1708585640713155895,1708585640713155895,782739321336823442,7827394982899782101,B,8.640,4,8.650,47233,8.640,47598,P_SUREKLI_ISLEM
404,bist,TSKB.E,1708585640713155895,1708585640713155895,782739321336823443,7827394982899826230,B,8.640,22,8.650,47233,8.640,47576,P_SUREKLI_ISLEM
405,bist,TSKB.E,1708585642869792285,1708585642869792285,782739321336823675,7827394982901052650,S,8.650,10,8.650,49561,8.640,46951,P_SUREKLI_ISLEM
406,bist,TSKB.E,1708585643166077732,1708585643166077732,782739321336823710,7827394982901052650,S,8.650,1500,8.650,48061,8.640,46951,P_SUREKLI_ISLEM
407,bist,TSKB.E,1708585644676834027,1708585644676834027,782739321336823876,7827394982901052650,S,8.650,20,8.650,49264,8.640,46951,P_SUREKLI_ISLEM
408,bist,TSKB.E,1708585644676900716,1708585644676900716,782739321336823877,7827394982899826230,B,8.640,27,8.650,49264,8.640,46924,P_SUREKLI_ISLEM
409,bist,TSKB.E,1708585645012283664,1708585645012283664,782739321336823911,7827394982901052650,S,8.650,3000,8.650,46264,8.640,46924,P_SUREKLI_ISLEM
410,bist,TSKB.E,1708585645939657392,1708585645939657392,782739321336824015,7827394982899826230,B,8.640,11,8.650,46264,8.640,46913,P_SUREKLI_ISLEM
411,bist,TSKB.E,1708585645939657392,1708585645939657392,782739321336824016,7827394982899927348,B,8.640,34,8.650,46264,8.640,46879,P_SUREKLI_ISLEM
412,bist,TSKB.E,1708585645939657392,1708585645939657392,782739321336824017,7827394982899932602,B,8.640,7788,8.650,46264,8.640,39091,P_SUREKLI_ISLEM
413,bist,TSKB.E,1708585646743313844,1708585646743313844,782739321336824133,7827394982901052650,S,8.650,15,8.650,46249,8.640,39091,P_SUREKLI_ISLEM
414,bist,TSKB.E,1708585653914425127,1708585653914425127,782739321336825330,7827394982901052650,S,8.650,52,8.650,39361,8.640,91106,P_SUREKLI_ISLEM
415,bist,TSKB.E,1708585663943142276,1708585663943142276,782739321336826719,7827394982901052650,S,8.650,2,8.650,90844,8.640,91406,P_SUREKLI_ISLEM
416,bist,TSKB.E,1708585664682474149,1708585664682474149,782739321336826826,7827394982901052650,S,8.650,13,8.650,90831,8.640,91406,P_SUREKLI_ISLEM
417,bist,TSKB.E,1708585666134166950,1708585666134166950,782739321336827092,7827394982899932602,B,8.640,2900,8.650,90831,8.640,88506,P_SUREKLI_ISLEM
418,bist,TSKB.E,1708585667989232307,1708585667989232307,782739321336827322,7827394982899932602,B,8.640,4312,8.650,100831,8.640,79476,P_SUREKLI_ISLEM
419,bist,TSKB.E,1708585667989232307,1708585667989232307,782739321336827323,7827394982899934880,B,8.640,2000,8.650,100831,8.640,77476,P_SUREKLI_ISLEM
420,bist,TSKB.E,1708585667989232307,1708585667989232307,782739321336827324,7827394982900137987,B,8.640,60,8.650,100831,8.640,77416,P_SUREKLI_ISLEM
421,bist,TSKB.E,1708585667989232307,1708585667989232307,782739321336827325,7827394982900138796,B,8.640,501,8.650,100831,8.640,76915,P_SUREKLI_ISLEM
422,bist,TSKB.E,1708585667989232307,1708585667989232307,782739321336827326,7827394982900140175,B,8.640,115,8.650,100831,8.640,76800,P_SUREKLI_ISLEM
423,bist,TSKB.E,1708585667989232307,1708585667989232307,782739321336827327,7827394982900152891,B,8.640,10000,8.650,100831,8.640,66800,P_SUREKLI_ISLEM
424,bist,TSKB.E,1708585667989232307,1708585667989232307,782739321336827328,7827394982900159312,B,8.640,3000,8.650,100831,8.640,63800,P_SUREKLI_ISLEM
425,bist,TSKB.E,1708585667989232307,1708585667989232307,782739321336827329,7827394982900229602,B,8.640,10,8.650,100831,8.640,63790,P_SUREKLI_ISLEM
426,bist,TSKB.E,1708585667989232307,1708585667989232307,782739321336827330,7827394982900274711,B,8.640,10000,8.650,100831,8.640,53790,P_SUREKLI_ISLEM
427,bist,TSKB.E,1708585667989232307,1708585667989232307,782739321336827331,7827394982900301179,B,8.640,10,8.650,100831,8.640,53780,P_SUREKLI_ISLEM
428,bist,TSKB.E,1708585667989232307,1708585667989232307,782739321336827332,7827394982900696296,B,8.640,1000,8.650,100831,8.640,52780,P_SUREKLI_ISLEM
429,bist,TSKB.E,1708585667989232307,1708585667989232307,782739321336827333,7827394982900467201,B,8.640,133,8.650,100831,8.640,52647,P_SUREKLI_ISLEM
430,bist,TSKB.E,1708585667989232307,1708585667989232307,782739321336827334,7827394982901037034,B,8.640,50,8.650,100831,8.640,52597,P_SUREKLI_ISLEM
431,bist,TSKB.E,1708585667989232307,1708585667989232307,782739321336827335,7827394982901064659,B,8.640,50000,8.650,100831,8.640,2597,P_SUREKLI_ISLEM
432,bist,TSKB.E,1708585667989232307,1708585667989232307,782739321336827336,7827394982901068131,B,8.640,15,8.650,100831,8.640,2582,P_SUREKLI_ISLEM
433,bist,TSKB.E,1708585667989232307,1708585667989232307,782739321336827337,7827394982901072013,B,8.640,2000,8.650,100831,8.640,582,P_SUREKLI_ISLEM
434,bist,TSKB.E,1708585667989232307,1708585667989232307,782739321336827338,7827394982901077755,B,8.640,300,8.650,100831,8.640,282,P_SUREKLI_ISLEM
435,bist,TSKB.E,1708585667989232307,1708585667989232307,782739321336827339,7827394982901099718,B,8.640,282,8.650,100831,8.630,96704,P_SUREKLI_ISLEM
436,bist,TSKB.E,1708585667991733661,1708585667991733661,782739321336827340,7827394982899713073,B,8.630,28,8.640,27702,8.630,85276,P_SUREKLI_ISLEM
437,bist,TSKB.E,1708585670021242512,1708585670021242512,782739321336827717,7827394982901100302,S,8.640,1,8.640,27701,8.630,85276,P_SUREKLI_ISLEM
438,bist,TSKB.E,1708585670199034207,1708585670199034207,782739321336827731,7827394982899713073,B,8.630,27,8.640,27701,8.630,85249,P_SUREKLI_ISLEM
439,bist,TSKB.E,1708585681001837646,1708585681001837646,782739321336829150,7827394982901100302,S,8.640,5000,8.640,27701,8.630,85249,P_SUREKLI_ISLEM
440,bist,TSKB.E,1708585683702967389,1708585683702967389,782739321336829532,7827394982899713073,B,8.630,3300,8.640,71224,8.630,81949,P_SUREKLI_ISLEM
441,bist,TSKB.E,1708585685649167334,1708585685649167334,782739321336829760,7827394982899713073,B,8.630,6645,8.640,28224,8.630,75304,P_SUREKLI_ISLEM
442,bist,TSKB.E,1708585685649167334,1708585685649167334,782739321336829761,7827394982899714542,B,8.630,100,8.640,28224,8.630,75204,P_SUREKLI_ISLEM
443,bist,TSKB.E,1708585685649167334,1708585685649167334,782739321336829762,7827394982899716059,B,8.630,10000,8.640,28224,8.630,65204,P_SUREKLI_ISLEM
444,bist,TSKB.E,1708585685649167334,1708585685649167334,782739321336829763,7827394982899716622,B,8.630,1,8.640,28224,8.630,65203,P_SUREKLI_ISLEM
445,bist,TSKB.E,1708585685649167334,1708585685649167334,782739321336829764,7827394982899717673,B,8.630,10,8.640,28224,8.630,65193,P_SUREKLI_ISLEM
446,bist,TSKB.E,1708585685649167334,1708585685649167334,782739321336829765,7827394982899720241,B,8.630,1,8.640,28224,8.630,65192,P_SUREKLI_ISLEM
447,bist,TSKB.E,1708585685649167334,1708585685649167334,782739321336829766,7827394982899721471,B,8.630,6,8.640,28224,8.630,65186,P_SUREKLI_ISLEM
448,bist,TSKB.E,1708585685649167334,1708585685649167334,782739321336829767,7827394982899721598,B,8.630,150,8.640,28224,8.630,65036,P_SUREKLI_ISLEM
449,bist,TSKB.E,1708585685649167334,1708585685649167334,782739321336829768,7827394982899722897,B,8.630,10,8.640,28224,8.630,65026,P_SUREKLI_ISLEM
450,bist,TSKB.E,1708585685649167334,1708585685649167334,782739321336829769,7827394982899722921,B,8.630,15,8.640,28224,8.630,65011,P_SUREKLI_ISLEM
451,bist,TSKB.E,1708585685649167334,1708585685649167334,782739321336829770,7827394982899722930,B,8.630,8,8.640,28224,8.630,65003,P_SUREKLI_ISLEM
452,bist,TSKB.E,1708585685649167334,1708585685649167334,782739321336829771,7827394982899723566,B,8.630,58,8.640,28224,8.630,64945,P_SUREKLI_ISLEM
453,bist,TSKB.E,1708585685649167334,1708585685649167334,782739321336829772,7827394982899723809,B,8.630,69,8.640,28224,8.630,64876,P_SUREKLI_ISLEM
454,bist,TSKB.E,1708585685649167334,1708585685649167334,782739321336829773,7827394982899724334,B,8.630,8,8.640,28224,8.630,64868,P_SUREKLI_ISLEM
455,bist,TSKB.E,1708585685649167334,1708585685649167334,782739321336829774,7827394982899724561,B,8.630,10,8.640,28224,8.630,64858,P_SUREKLI_ISLEM
456,bist,TSKB.E,1708585685649167334,1708585685649167334,782739321336829775,7827394982899727638,B,8.630,2,8.640,28224,8.630,64856,P_SUREKLI_ISLEM
457,bist,TSKB.E,1708585685649167334,1708585685649167334,782739321336829776,7827394982899727639,B,8.630,2,8.640,28224,8.630,64854,P_SUREKLI_ISLEM
458,bist,TSKB.E,1708585685649167334,1708585685649167334,782739321336829777,7827394982899727643,B,8.630,2,8.640,28224,8.630,64852,P_SUREKLI_ISLEM
459,bist,TSKB.E,1708585685649167334,1708585685649167334,782739321336829778,7827394982899727646,B,8.630,2,8.640,28224,8.630,64850,P_SUREKLI_ISLEM
460,bist,TSKB.E,1708585685649167334,1708585685649167334,782739321336829779,7827394982899727647,B,8.630,2,8.640,28224,8.630,64848,P_SUREKLI_ISLEM
461,bist,TSKB.E,1708585685649167334,1708585685649167334,782739321336829780,7827394982899727941,B,8.630,6,8.640,28224,8.630,64842,P_SUREKLI_ISLEM
462,bist,TSKB.E,1708585685649167334,1708585685649167334,782739321336829781,7827394982899728347,B,8.630,15,8.640,28224,8.630,64827,P_SUREKLI_ISLEM
463,bist,TSKB.E,1708585685649167334,1708585685649167334,782739321336829782,7827394982899730918,B,8.630,100,8.640,28224,8.630,64727,P_SUREKLI_ISLEM
464,bist,TSKB.E,1708585685649167334,1708585685649167334,782739321336829783,7827394982899731444,B,8.630,6,8.640,28224,8.630,64721,P_SUREKLI_ISLEM
465,bist,TSKB.E,1708585685649167334,1708585685649167334,782739321336829784,7827394982899733272,B,8.630,30,8.640,28224,8.630,64691,P_SUREKLI_ISLEM
466,bist,TSKB.E,1708585685649167334,1708585685649167334,782739321336829785,7827394982899735113,B,8.630,1,8.640,28224,8.630,64690,P_SUREKLI_ISLEM
467,bist,TSKB.E,1708585685649167334,1708585685649167334,782739321336829786,7827394982899735920,B,8.630,58,8.640,28224,8.630,64632,P_SUREKLI_ISLEM
468,bist,TSKB.E,1708585685649167334,1708585685649167334,782739321336829787,7827394982899736587,B,8.630,200,8.640,28224,8.630,64432,P_SUREKLI_ISLEM
469,bist,TSKB.E,1708585685649167334,1708585685649167334,782739321336829788,7827394982899738666,B,8.630,100,8.640,28224,8.630,64332,P_SUREKLI_ISLEM
470,bist,TSKB.E,1708585685649167334,1708585685649167334,782739321336829789,7827394982899743722,B,8.630,10,8.640,28224,8.630,64322,P_SUREKLI_ISLEM
471,bist,TSKB.E,1708585685649167334,1708585685649167334,782739321336829790,7827394982899743895,B,8.630,20,8.640,28224,8.630,64302,P_SUREKLI_ISLEM
472,bist,TSKB.E,1708585685649167334,1708585685649167334,782739321336829791,7827394982899744669,B,8.630,22,8.640,28224,8.630,64280,P_SUREKLI_ISLEM
473,bist,TSKB.E,1708585685649167334,1708585685649167334,782739321336829792,7827394982899747288,B,8.630,3,8.640,28224,8.630,64277,P_SUREKLI_ISLEM
474,bist,TSKB.E,1708585685649167334,1708585685649167334,782739321336829793,7827394982899748662,B,8.630,2,8.640,28224,8.630,64275,P_SUREKLI_ISLEM
475,bist,TSKB.E,1708585685649167334,1708585685649167334,782739321336829794,7827394982899750136,B,8.630,1,8.640,28224,8.630,64274,P_SUREKLI_ISLEM
476,bist,TSKB.E,1708585685649167334,1708585685649167334,782739321336829795,7827394982899751879,B,8.630,1,8.640,28224,8.630,64273,P_SUREKLI_ISLEM
477,bist,TSKB.E,1708585685649167334,1708585685649167334,782739321336829796,7827394982899752036,B,8.630,1,8.640,28224,8.630,64272,P_SUREKLI_ISLEM
478,bist,TSKB.E,1708585685649167334,1708585685649167334,782739321336829797,7827394982899752205,B,8.630,10,8.640,28224,8.630,64262,P_SUREKLI_ISLEM
479,bist,TSKB.E,1708585685649167334,1708585685649167334,782739321336829798,7827394982899752252,B,8.630,100,8.640,28224,8.630,64162,P_SUREKLI_ISLEM
480,bist,TSKB.E,1708585685649167334,1708585685649167334,782739321336829799,7827394982899752970,B,8.630,7,8.640,28224,8.630,64155,P_SUREKLI_ISLEM
481,bist,TSKB.E,1708585685649167334,1708585685649167334,782739321336829800,7827394982899756236,B,8.630,1000,8.640,28224,8.630,63155,P_SUREKLI_ISLEM
482,bist,TSKB.E,1708585685649167334,1708585685649167334,782739321336829801,7827394982899756707,B,8.630,3,8.640,28224,8.630,63152,P_SUREKLI_ISLEM
483,bist,TSKB.E,1708585685649167334,1708585685649167334,782739321336829802,7827394982899756977,B,8.630,4634,8.640,28224,8.630,58518,P_SUREKLI_ISLEM
484,bist,TSKB.E,1708585685649167334,1708585685649167334,782739321336829803,7827394982899757131,B,8.630,1,8.640,28224,8.630,58517,P_SUREKLI_ISLEM
485,bist,TSKB.E,1708585685649167334,1708585685649167334,782739321336829804,7827394982899758216,B,8.630,100,8.640,28224,8.630,58417,P_SUREKLI_ISLEM
486,bist,TSKB.E,1708585685649167334,1708585685649167334,782739321336829805,7827394982899758323,B,8.630,4,8.640,28224,8.630,58413,P_SUREKLI_ISLEM
487,bist,TSKB.E,1708585685649167334,1708585685649167334,782739321336829806,7827394982899759892,B,8.630,104,8.640,28224,8.630,58309,P_SUREKLI_ISLEM
488,bist,TSKB.E,1708585685649167334,1708585685649167334,782739321336829807,7827394982899760869,B,8.630,1,8.640,28224,8.630,58308,P_SUREKLI_ISLEM
489,bist,TSKB.E,1708585685649167334,1708585685649167334,782739321336829808,7827394982899761055,B,8.630,200,8.640,28224,8.630,58108,P_SUREKLI_ISLEM
490,bist,TSKB.E,1708585685649167334,1708585685649167334,782739321336829809,7827394982899761982,B,8.630,1,8.640,28224,8.630,58107,P_SUREKLI_ISLEM
491,bist,TSKB.E,1708585685649167334,1708585685649167334,782739321336829810,7827394982899762424,B,8.630,13,8.640,28224,8.630,58094,P_SUREKLI_ISLEM
492,bist,TSKB.E,1708585685649167334,1708585685649167334,782739321336829811,7827394982899762654,B,8.630,1,8.640,28224,8.630,58093,P_SUREKLI_ISLEM
493,bist,TSKB.E,1708585685649167334,1708585685649167334,782739321336829812,7827394982899763741,B,8.630,5,8.640,28224,8.630,58088,P_SUREKLI_ISLEM
494,bist,TSKB.E,1708585685649167334,1708585685649167334,782739321336829813,7827394982899764194,B,8.630,1,8.640,28224,8.630,58087,P_SUREKLI_ISLEM
495,bist,TSKB.E,1708585685649167334,1708585685649167334,782739321336829814,7827394982899764358,B,8.630,2320,8.640,28224,8.630,55767,P_SUREKLI_ISLEM
496,bist,TSKB.E,1708585685649167334,1708585685649167334,782739321336829815,7827394982899765541,B,8.630,40,8.640,28224,8.630,55727,P_SUREKLI_ISLEM
497,bist,TSKB.E,1708585685649167334,1708585685649167334,782739321336829816,7827394982899765561,B,8.630,62,8.640,28224,8.630,55665,P_SUREKLI_ISLEM
498,bist,TSKB.E,1708585685649167334,1708585685649167334,782739321336829817,7827394982899767646,B,8.630,116,8.640,28224,8.630,55549,P_SUREKLI_ISLEM
499,bist,TSKB.E,1708585685649167334,1708585685649167334,782739321336829818,7827394982899770259,B,8.630,4,8.640,28224,8.630,55545,P_SUREKLI_ISLEM
500,bist,TSKB.E,1708585685649167334,1708585685649167334,782739321336829819,7827394982899770799,B,8.630,10,8.640,28224,8.630,55535,P_SUREKLI_ISLEM
501,bist,TSKB.E,1708585685649167334,1708585685649167334,782739321336829820,7827394982899771335,B,8.630,10,8.640,28224,8.630,55525,P_SUREKLI_ISLEM
502,bist,TSKB.E,1708585685649167334,1708585685649167334,782739321336829821,7827394982899771547,B,8.630,8,8.640,28224,8.630,55517,P_SUREKLI_ISLEM
503,bist,TSKB.E,1708585685649167334,1708585685649167334,782739321336829822,7827394982899772310,B,8.630,1,8.640,28224,8.630,55516,P_SUREKLI_ISLEM
504,bist,TSKB.E,1708585685649167334,1708585685649167334,782739321336829823,7827394982899773035,B,8.630,1,8.640,28224,8.630,55515,P_SUREKLI_ISLEM
505,bist,TSKB.E,1708585685649167334,1708585685649167334,782739321336829824,7827394982899773466,B,8.630,30,8.640,28224,8.630,55485,P_SUREKLI_ISLEM
506,bist,TSKB.E,1708585685649167334,1708585685649167334,782739321336829825,7827394982899774642,B,8.630,2,8.640,28224,8.630,55483,P_SUREKLI_ISLEM
507,bist,TSKB.E,1708585685649167334,1708585685649167334,782739321336829826,7827394982899774675,B,8.630,45,8.640,28224,8.630,55438,P_SUREKLI_ISLEM
508,bist,TSKB.E,1708585685649167334,1708585685649167334,782739321336829827,7827394982899775692,B,8.630,5,8.640,28224,8.630,55433,P_SUREKLI_ISLEM
509,bist,TSKB.E,1708585685649167334,1708585685649167334,782739321336829828,7827394982899776108,B,8.630,30,8.640,28224,8.630,55403,P_SUREKLI_ISLEM
510,bist,TSKB.E,1708585685649167334,1708585685649167334,782739321336829829,7827394982899777307,B,8.630,2,8.640,28224,8.630,55401,P_SUREKLI_ISLEM
511,bist,TSKB.E,1708585685649167334,1708585685649167334,782739321336829830,7827394982899780630,B,8.630,32,8.640,28224,8.630,55369,P_SUREKLI_ISLEM
512,bist,TSKB.E,1708585685649167334,1708585685649167334,782739321336829831,7827394982899781287,B,8.630,1,8.640,28224,8.630,55368,P_SUREKLI_ISLEM
513,bist,TSKB.E,1708585685649167334,1708585685649167334,782739321336829832,7827394982899781566,B,8.630,1,8.640,28224,8.630,55367,P_SUREKLI_ISLEM
514,bist,TSKB.E,1708585685649167334,1708585685649167334,782739321336829833,7827394982899781981,B,8.630,2,8.640,28224,8.630,55365,P_SUREKLI_ISLEM
515,bist,TSKB.E,1708585685649167334,1708585685649167334,782739321336829834,7827394982899782104,B,8.630,4,8.640,28224,8.630,55361,P_SUREKLI_ISLEM
516,bist,TSKB.E,1708585685649167334,1708585685649167334,782739321336829835,7827394982899782167,B,8.630,2,8.640,28224,8.630,55359,P_SUREKLI_ISLEM
517,bist,TSKB.E,1708585685649167334,1708585685649167334,782739321336829836,7827394982899782352,B,8.630,2,8.640,28224,8.630,55357,P_SUREKLI_ISLEM
518,bist,TSKB.E,1708585685649167334,1708585685649167334,782739321336829837,7827394982899783469,B,8.630,1,8.640,28224,8.630,55356,P_SUREKLI_ISLEM
519,bist,TSKB.E,1708585685649167334,1708585685649167334,782739321336829838,7827394982899785316,B,8.630,10,8.640,28224,8.630,55346,P_SUREKLI_ISLEM
520,bist,TSKB.E,1708585685649167334,1708585685649167334,782739321336829839,7827394982899786723,B,8.630,40,8.640,28224,8.630,55306,P_SUREKLI_ISLEM
521,bist,TSKB.E,1708585685649167334,1708585685649167334,782739321336829840,7827394982899787014,B,8.630,3000,8.640,28224,8.630,52306,P_SUREKLI_ISLEM
522,bist,TSKB.E,1708585685649167334,1708585685649167334,782739321336829841,7827394982899789600,B,8.630,10,8.640,28224,8.630,52296,P_SUREKLI_ISLEM
523,bist,TSKB.E,1708585685649167334,1708585685649167334,782739321336829842,7827394982899789701,B,8.630,44,8.640,28224,8.630,52252,P_SUREKLI_ISLEM
524,bist,TSKB.E,1708585685649167334,1708585685649167334,782739321336829843,7827394982899792633,B,8.630,4,8.640,28224,8.630,52248,P_SUREKLI_ISLEM
525,bist,TSKB.E,1708585685649167334,1708585685649167334,782739321336829844,7827394982899793082,B,8.630,2,8.640,28224,8.630,52246,P_SUREKLI_ISLEM
526,bist,TSKB.E,1708585685649167334,1708585685649167334,782739321336829845,7827394982899795693,B,8.630,3,8.640,28224,8.630,52243,P_SUREKLI_ISLEM
527,bist,TSKB.E,1708585685649167334,1708585685649167334,782739321336829846,7827394982899801691,B,8.630,3694,8.640,28224,8.630,48549,P_SUREKLI_ISLEM
528,bist,TSKB.E,1708585685649167334,1708585685649167334,782739321336829847,7827394982899803685,B,8.630,5,8.640,28224,8.630,48544,P_SUREKLI_ISLEM
529,bist,TSKB.E,1708585685649167334,1708585685649167334,782739321336829848,7827394982899805942,B,8.630,1,8.640,28224,8.630,48543,P_SUREKLI_ISLEM
530,bist,TSKB.E,1708585685649167334,1708585685649167334,782739321336829849,7827394982899807413,B,8.630,2,8.640,28224,8.630,48541,P_SUREKLI_ISLEM
531,bist,TSKB.E,1708585685649167334,1708585685649167334,782739321336829850,7827394982899810536,B,8.630,5,8.640,28224,8.630,48536,P_SUREKLI_ISLEM
532,bist,TSKB.E,1708585685649167334,1708585685649167334,782739321336829851,7827394982899811036,B,8.630,4,8.640,28224,8.630,48532,P_SUREKLI_ISLEM
533,bist,TSKB.E,1708585685649167334,1708585685649167334,782739321336829852,7827394982899811235,B,8.630,6,8.640,28224,8.630,48526,P_SUREKLI_ISLEM
534,bist,TSKB.E,1708585685649167334,1708585685649167334,782739321336829853,7827394982899811424,B,8.630,116,8.640,28224,8.630,48410,P_SUREKLI_ISLEM
535,bist,TSKB.E,1708585685649167334,1708585685649167334,782739321336829854,7827394982899811826,B,8.630,1,8.640,28224,8.630,48409,P_SUREKLI_ISLEM
536,bist,TSKB.E,1708585685649167334,1708585685649167334,782739321336829855,7827394982899814046,B,8.630,2,8.640,28224,8.630,48407,P_SUREKLI_ISLEM
537,bist,TSKB.E,1708585685649167334,1708585685649167334,782739321336829856,7827394982899814120,B,8.630,7,8.640,28224,8.630,48400,P_SUREKLI_ISLEM
538,bist,TSKB.E,1708585685649167334,1708585685649167334,782739321336829857,7827394982899814461,B,8.630,5,8.640,28224,8.630,48395,P_SUREKLI_ISLEM
539,bist,TSKB.E,1708585685649167334,1708585685649167334,782739321336829858,7827394982899815028,B,8.630,1,8.640,28224,8.630,48394,P_SUREKLI_ISLEM
540,bist,TSKB.E,1708585685649167334,1708585685649167334,782739321336829859,7827394982899815415,B,8.630,1000,8.640,28224,8.630,47394,P_SUREKLI_ISLEM
541,bist,TSKB.E,1708585685649167334,1708585685649167334,782739321336829860,7827394982899815467,B,8.630,231,8.640,28224,8.630,47163,P_SUREKLI_ISLEM
542,bist,TSKB.E,1708585685649167334,1708585685649167334,782739321336829861,7827394982899818420,B,8.630,500,8.640,28224,8.630,46663,P_SUREKLI_ISLEM
543,bist,TSKB.E,1708585685649167334,1708585685649167334,782739321336829862,7827394982899818739,B,8.630,1,8.640,28224,8.630,46662,P_SUREKLI_ISLEM
544,bist,TSKB.E,1708585685649167334,1708585685649167334,782739321336829863,7827394982899818845,B,8.630,45,8.640,28224,8.630,46617,P_SUREKLI_ISLEM
545,bist,TSKB.E,1708585685649167334,1708585685649167334,782739321336829864,7827394982899819571,B,8.630,29,8.640,28224,8.630,46588,P_SUREKLI_ISLEM
546,bist,TSKB.E,1708585685649167334,1708585685649167334,782739321336829865,7827394982899819917,B,8.630,50,8.640,28224,8.630,46538,P_SUREKLI_ISLEM
547,bist,TSKB.E,1708585685649167334,1708585685649167334,782739321336829866,7827394982899820380,B,8.630,10,8.640,28224,8.630,46528,P_SUREKLI_ISLEM
548,bist,TSKB.E,1708585685649167334,1708585685649167334,782739321336829867,7827394982899820719,B,8.630,8,8.640,28224,8.630,46520,P_SUREKLI_ISLEM
549,bist,TSKB.E,1708585685649167334,1708585685649167334,782739321336829868,7827394982899821391,B,8.630,35,8.640,28224,8.630,46485,P_SUREKLI_ISLEM
550,bist,TSKB.E,1708585685649167334,1708585685649167334,782739321336829869,7827394982899821437,B,8.630,3,8.640,28224,8.630,46482,P_SUREKLI_ISLEM
551,bist,TSKB.E,1708585685649167334,1708585685649167334,782739321336829870,7827394982899821475,B,8.630,100,8.640,28224,8.630,46382,P_SUREKLI_ISLEM
552,bist,TSKB.E,1708585685649167334,1708585685649167334,782739321336829871,7827394982899821560,B,8.630,2,8.640,28224,8.630,46380,P_SUREKLI_ISLEM
553,bist,TSKB.E,1708585685649167334,1708585685649167334,782739321336829872,7827394982899821975,B,8.630,500,8.640,28224,8.630,45880,P_SUREKLI_ISLEM
554,bist,TSKB.E,1708585685649167334,1708585685649167334,782739321336829873,7827394982899822402,B,8.630,59,8.640,28224,8.630,45821,P_SUREKLI_ISLEM
555,bist,TSKB.E,1708585685649167334,1708585685649167334,782739321336829874,7827394982899824237,B,8.630,50,8.640,28224,8.630,45771,P_SUREKLI_ISLEM
556,bist,TSKB.E,1708585685649167334,1708585685649167334,782739321336829875,7827394982899824322,B,8.630,19,8.640,28224,8.630,45752,P_SUREKLI_ISLEM
557,bist,TSKB.E,1708585685649167334,1708585685649167334,782739321336829876,7827394982899824800,B,8.630,15,8.640,28224,8.630,45737,P_SUREKLI_ISLEM
558,bist,TSKB.E,1708585685649167334,1708585685649167334,782739321336829877,7827394982899825440,B,8.630,100,8.640,28224,8.630,45637,P_SUREKLI_ISLEM
559,bist,TSKB.E,1708585685649167334,1708585685649167334,782739321336829878,7827394982899825696,B,8.630,330,8.640,28224,8.630,45307,P_SUREKLI_ISLEM
560,bist,TSKB.E,1708585685649167334,1708585685649167334,782739321336829879,7827394982899826519,B,8.630,150,8.640,28224,8.630,45157,P_SUREKLI_ISLEM
561,bist,TSKB.E,1708585685649167334,1708585685649167334,782739321336829880,7827394982899826661,B,8.630,13,8.640,28224,8.630,45144,P_SUREKLI_ISLEM
562,bist,TSKB.E,1708585685649167334,1708585685649167334,782739321336829881,7827394982899826749,B,8.630,1,8.640,28224,8.630,45143,P_SUREKLI_ISLEM
563,bist,TSKB.E,1708585685649167334,1708585685649167334,782739321336829882,7827394982899828458,B,8.630,50,8.640,28224,8.630,45093,P_SUREKLI_ISLEM
564,bist,TSKB.E,1708585685649167334,1708585685649167334,782739321336829883,7827394982899829423,B,8.630,1,8.640,28224,8.630,45092,P_SUREKLI_ISLEM
565,bist,TSKB.E,1708585685649167334,1708585685649167334,782739321336829884,7827394982899830310,B,8.630,6,8.640,28224,8.630,45086,P_SUREKLI_ISLEM
566,bist,TSKB.E,1708585685649167334,1708585685649167334,782739321336829885,7827394982899830476,B,8.630,20,8.640,28224,8.630,45066,P_SUREKLI_ISLEM
567,bist,TSKB.E,1708585685649167334,1708585685649167334,782739321336829886,7827394982899832353,B,8.630,2,8.640,28224,8.630,45064,P_SUREKLI_ISLEM
568,bist,TSKB.E,1708585685649167334,1708585685649167334,782739321336829887,7827394982899835609,B,8.630,1,8.640,28224,8.630,45063,P_SUREKLI_ISLEM
569,bist,TSKB.E,1708585685649167334,1708585685649167334,782739321336829888,7827394982899836310,B,8.630,2,8.640,28224,8.630,45061,P_SUREKLI_ISLEM
570,bist,TSKB.E,1708585685649167334,1708585685649167334,782739321336829889,7827394982899836399,B,8.630,20,8.640,28224,8.630,45041,P_SUREKLI_ISLEM
571,bist,TSKB.E,1708585685649167334,1708585685649167334,782739321336829890,7827394982899836408,B,8.630,3,8.640,28224,8.630,45038,P_SUREKLI_ISLEM
572,bist,TSKB.E,1708585685649167334,1708585685649167334,782739321336829891,7827394982899836641,B,8.630,8,8.640,28224,8.630,45030,P_SUREKLI_ISLEM
573,bist,TSKB.E,1708585685649167334,1708585685649167334,782739321336829892,7827394982899840616,B,8.630,6,8.640,28224,8.630,45024,P_SUREKLI_ISLEM
574,bist,TSKB.E,1708585685649167334,1708585685649167334,782739321336829893,7827394982899877762,B,8.630,250,8.640,28224,8.630,44774,P_SUREKLI_ISLEM
575,bist,TSKB.E,1708585685649167334,1708585685649167334,782739321336829894,7827394982899887265,B,8.630,1,8.640,28224,8.630,44773,P_SUREKLI_ISLEM
576,bist,TSKB.E,1708585685649167334,1708585685649167334,782739321336829895,7827394982899888274,B,8.630,100,8.640,28224,8.630,44673,P_SUREKLI_ISLEM
577,bist,TSKB.E,1708585685649167334,1708585685649167334,782739321336829896,7827394982899888979,B,8.630,200,8.640,28224,8.630,44473,P_SUREKLI_ISLEM
578,bist,TSKB.E,1708585685649167334,1708585685649167334,782739321336829897,7827394982899936862,B,8.630,1000,8.640,28224,8.630,43473,P_SUREKLI_ISLEM
579,bist,TSKB.E,1708585685649167334,1708585685649167334,782739321336829898,7827394982899939239,B,8.630,34,8.640,28224,8.630,43439,P_SUREKLI_ISLEM
580,bist,TSKB.E,1708585685649167334,1708585685649167334,782739321336829899,7827394982899945041,B,8.630,1290,8.640,28224,8.630,42149,P_SUREKLI_ISLEM
581,bist,TSKB.E,1708585685649167334,1708585685649167334,782739321336829900,7827394982899961190,B,8.630,19,8.640,28224,8.630,42130,P_SUREKLI_ISLEM
582,bist,TSKB.E,1708585685649167334,1708585685649167334,782739321336829901,7827394982899966994,B,8.630,10,8.640,28224,8.630,42120,P_SUREKLI_ISLEM
583,bist,TSKB.E,1708585685649167334,1708585685649167334,782739321336829902,7827394982899967281,B,8.630,4,8.640,28224,8.630,42116,P_SUREKLI_ISLEM
584,bist,TSKB.E,1708585685649167334,1708585685649167334,782739321336829903,7827394982899971497,B,8.630,3167,8.640,28224,8.630,38949,P_SUREKLI_ISLEM
585,bist,TSKB.E,1708585686630008365,1708585686630008365,782739321336830110,7827394982899971497,B,8.630,4,8.640,37037,8.630,38947,P_SUREKLI_ISLEM
586,bist,TSKB.E,1708585687902800353,1708585687902800353,782739321336830360,7827394982901100302,S,8.640,10,8.640,37027,8.630,39044,P_SUREKLI_ISLEM
587,bist,TSKB.E,1708585688706404792,1708585688706404792,782739321336830454,7827394982901100302,S,8.640,5,8.640,37022,8.630,39044,P_SUREKLI_ISLEM
588,bist,TSKB.E,1708585694516475697,1708585694516475697,782739321336831119,7827394982901100302,S,8.640,12523,8.640,18409,8.630,42039,P_SUREKLI_ISLEM
589,bist,TSKB.E,1708585694516475697,1708585694516475697,782739321336831120,7827394982901100377,S,8.640,729,8.640,17680,8.630,42039,P_SUREKLI_ISLEM
590,bist,TSKB.E,1708585694516475697,1708585694516475697,782739321336831121,7827394982900696297,S,8.640,8363,8.640,9317,8.630,42039,P_SUREKLI_ISLEM
591,bist,TSKB.E,1708585694516475697,1708585694516475697,782739321336831122,7827394982901120974,S,8.640,3385,8.640,5932,8.630,42039,P_SUREKLI_ISLEM
592,bist,TSKB.E,1708585703140740592,1708585703140740592,782739321336832340,7827394982899971497,B,8.630,13,8.640,43596,8.630,58009,P_SUREKLI_ISLEM
593,bist,TSKB.E,1708585708770597418,1708585708770597418,782739321336833241,7827394982899971497,B,8.630,26,8.640,43696,8.630,60983,P_SUREKLI_ISLEM
594,bist,TSKB.E,1708585710499420669,1708585710499420669,782739321336833404,7827394982899971497,B,8.630,1,8.640,43696,8.630,60982,P_SUREKLI_ISLEM
595,bist,TSKB.E,1708585710808714928,1708585710808714928,782739321336833420,7827394982899971497,B,8.630,10000,8.640,33696,8.630,51047,P_SUREKLI_ISLEM
596,bist,TSKB.E,1708585718531131215,1708585718531131215,782739321336834367,7827394982901120974,S,8.640,1615,8.640,42081,8.630,46047,P_SUREKLI_ISLEM
597,bist,TSKB.E,1708585718531131215,1708585718531131215,782739321336834368,7827394982901128079,S,8.640,1000,8.640,41081,8.630,46047,P_SUREKLI_ISLEM
598,bist,TSKB.E,1708585718531131215,1708585718531131215,782739321336834369,7827394982901128955,S,8.640,100,8.640,40981,8.630,46047,P_SUREKLI_ISLEM
599,bist,TSKB.E,1708585718531131215,1708585718531131215,782739321336834370,7827394982901130873,S,8.640,494,8.640,40487,8.630,46047,P_SUREKLI_ISLEM
600,bist,TSKB.E,1708585718531131215,1708585718531131215,782739321336834371,7827394982901135658,S,8.640,1037,8.640,39450,8.630,46047,P_SUREKLI_ISLEM
601,bist,TSKB.E,1708585718531131215,1708585718531131215,782739321336834372,7827394982901135670,S,8.640,676,8.640,38774,8.630,46047,P_SUREKLI_ISLEM
602,bist,TSKB.E,1708585718531131215,1708585718531131215,782739321336834373,7827394982901152115,S,8.640,10,8.640,38764,8.630,46047,P_SUREKLI_ISLEM
603,bist,TSKB.E,1708585718531131215,1708585718531131215,782739321336834374,7827394982901152591,S,8.640,621,8.640,38143,8.630,46047,P_SUREKLI_ISLEM
604,bist,TSKB.E,1708585725573586115,1708585725573586115,782739321336835450,7827394982899971497,B,8.630,2,8.640,39260,8.630,51568,P_SUREKLI_ISLEM
605,bist,TSKB.E,1708585727184924024,1708585727184924024,782739321336835700,7827394982901152591,S,8.640,379,8.640,38881,8.630,51568,P_SUREKLI_ISLEM
606,bist,TSKB.E,1708585727184924024,1708585727184924024,782739321336835701,7827394982901153792,S,8.640,874,8.640,38007,8.630,51568,P_SUREKLI_ISLEM
607,bist,TSKB.E,1708585727184924024,1708585727184924024,782739321336835702,7827394982901155894,S,8.640,1650,8.640,36357,8.630,51568,P_SUREKLI_ISLEM
608,bist,TSKB.E,1708585727184924024,1708585727184924024,782739321336835703,7827394982901156416,S,8.640,4241,8.640,32116,8.630,51568,P_SUREKLI_ISLEM
609,bist,TSKB.E,1708585735907638843,1708585735907638843,782739321336836827,7827394982901156416,S,8.640,10000,8.640,20481,8.630,51998,P_SUREKLI_ISLEM
610,bist,TSKB.E,1708585739863576617,1708585739863576617,782739321336837473,7827394982901156416,S,8.640,40,8.640,20441,8.630,52024,P_SUREKLI_ISLEM
611,bist,TSKB.E,1708585743884086047,1708585743884086047,782739321336837922,7827394982899971497,B,8.630,150,8.640,45302,8.630,51874,P_SUREKLI_ISLEM
612,bist,TSKB.E,1708585747224556266,1708585747224556266,782739321336838227,7827394982901156416,S,8.640,1800,8.640,43502,8.630,51874,P_SUREKLI_ISLEM
613,bist,TSKB.E,1708585748443578491,1708585748443578491,782739321336838354,7827394982899971497,B,8.630,281,8.640,43502,8.630,51593,P_SUREKLI_ISLEM
614,bist,TSKB.E,1708585749618336258,1708585749618336258,782739321336838824,7827394982901156416,S,8.640,1000,8.640,42502,8.630,51593,P_SUREKLI_ISLEM
615,bist,TSKB.E,1708585750033775614,1708585750033775614,782739321336838873,7827394982901156416,S,8.640,10,8.640,42492,8.630,51593,P_SUREKLI_ISLEM
616,bist,TSKB.E,1708585752277647477,1708585752277647477,782739321336839254,7827394982901156416,S,8.640,100,8.640,42392,8.630,51593,P_SUREKLI_ISLEM
617,bist,TSKB.E,1708585757508780240,1708585757508780240,782739321336840261,7827394982901156416,S,8.640,348,8.640,74671,8.630,51596,P_SUREKLI_ISLEM
618,bist,TSKB.E,1708585757508780240,1708585757508780240,782739321336840262,7827394982901159105,S,8.640,3637,8.640,71034,8.630,51596,P_SUREKLI_ISLEM
619,bist,TSKB.E,1708585757508780240,1708585757508780240,782739321336840263,7827394982901166727,S,8.640,1209,8.640,69825,8.630,51596,P_SUREKLI_ISLEM
620,bist,TSKB.E,1708585757508780240,1708585757508780240,782739321336840264,7827394982901173058,S,8.640,100,8.640,69725,8.630,51596,P_SUREKLI_ISLEM
621,bist,TSKB.E,1708585757508780240,1708585757508780240,782739321336840265,7827394982901192004,S,8.640,5000,8.640,64725,8.630,51596,P_SUREKLI_ISLEM
622,bist,TSKB.E,1708585757508780240,1708585757508780240,782739321336840266,7827394982901200333,S,8.640,5000,8.640,59725,8.630,51596,P_SUREKLI_ISLEM
623,bist,TSKB.E,1708585757508780240,1708585757508780240,782739321336840267,7827394982901201408,S,8.640,517,8.640,59208,8.630,51596,P_SUREKLI_ISLEM
624,bist,TSKB.E,1708585757508780240,1708585757508780240,782739321336840268,7827394982900908847,S,8.640,600,8.640,58608,8.630,51596,P_SUREKLI_ISLEM
625,bist,TSKB.E,1708585757508780240,1708585757508780240,782739321336840269,7827394982901227984,S,8.640,950,8.640,57658,8.630,51596,P_SUREKLI_ISLEM
626,bist,TSKB.E,1708585758155268343,1708585758155268343,782739321336840392,7827394982901227984,S,8.640,2,8.640,57656,8.630,51596,P_SUREKLI_ISLEM
627,bist,TSKB.E,1708585758547732407,1708585758547732407,782739321336840417,7827394982901227984,S,8.640,2,8.640,57654,8.630,51596,P_SUREKLI_ISLEM
628,bist,TSKB.E,1708585758677639489,1708585758677639489,782739321336840424,7827394982901227984,S,8.640,10,8.640,57644,8.630,51596,P_SUREKLI_ISLEM
629,bist,TSKB.E,1708585759096593009,1708585759096593009,782739321336840452,7827394982901227984,S,8.640,2,8.640,57942,8.630,51596,P_SUREKLI_ISLEM
630,bist,TSKB.E,1708585759561098838,1708585759561098838,782739321336840493,7827394982901227984,S,8.640,2,8.640,57940,8.630,51596,P_SUREKLI_ISLEM
631,bist,TSKB.E,1708585760069068428,1708585760069068428,782739321336840540,7827394982901227984,S,8.640,2,8.640,57938,8.630,51596,P_SUREKLI_ISLEM
632,bist,TSKB.E,1708585760587489429,1708585760587489429,782739321336840593,7827394982899713201,S,8.640,2,8.640,57936,8.630,51596,P_SUREKLI_ISLEM
633,bist,TSKB.E,1708585762699015297,1708585762699015297,782739321336840909,7827394982899971497,B,8.630,9530,8.640,65951,8.630,42066,P_SUREKLI_ISLEM
634,bist,TSKB.E,1708585762699015297,1708585762699015297,782739321336840910,7827394982900111396,B,8.630,2000,8.640,65951,8.630,40066,P_SUREKLI_ISLEM
635,bist,TSKB.E,1708585762699015297,1708585762699015297,782739321336840911,7827394982900137103,B,8.630,150,8.640,65951,8.630,39916,P_SUREKLI_ISLEM
636,bist,TSKB.E,1708585762699015297,1708585762699015297,782739321336840912,7827394982900148117,B,8.630,50,8.640,65951,8.630,39866,P_SUREKLI_ISLEM
637,bist,TSKB.E,1708585762699015297,1708585762699015297,782739321336840913,7827394982900150008,B,8.630,500,8.640,65951,8.630,39366,P_SUREKLI_ISLEM
638,bist,TSKB.E,1708585762699015297,1708585762699015297,782739321336840914,7827394982899966372,B,8.630,7,8.640,65951,8.630,39359,P_SUREKLI_ISLEM
639,bist,TSKB.E,1708585762699015297,1708585762699015297,782739321336840915,7827394982900219689,B,8.630,215,8.640,65951,8.630,39144,P_SUREKLI_ISLEM
640,bist,TSKB.E,1708585762699015297,1708585762699015297,782739321336840916,7827394982900229469,B,8.630,10,8.640,65951,8.630,39134,P_SUREKLI_ISLEM
641,bist,TSKB.E,1708585762699015297,1708585762699015297,782739321336840917,7827394982900235032,B,8.630,10000,8.640,65951,8.630,29134,P_SUREKLI_ISLEM
642,bist,TSKB.E,1708585762699015297,1708585762699015297,782739321336840918,7827394982900296719,B,8.630,10,8.640,65951,8.630,29124,P_SUREKLI_ISLEM
643,bist,TSKB.E,1708585762699015297,1708585762699015297,782739321336840919,7827394982900697775,B,8.630,1000,8.640,65951,8.630,28124,P_SUREKLI_ISLEM
644,bist,TSKB.E,1708585762699015297,1708585762699015297,782739321336840920,7827394982901137078,B,8.630,2,8.640,65951,8.630,28122,P_SUREKLI_ISLEM
645,bist,TSKB.E,1708585762699015297,1708585762699015297,782739321336840921,7827394982901140053,B,8.630,97,8.640,65951,8.630,28025,P_SUREKLI_ISLEM
646,bist,TSKB.E,1708585762699015297,1708585762699015297,782739321336840922,7827394982901146194,B,8.630,1000,8.640,65951,8.630,27025,P_SUREKLI_ISLEM
647,bist,TSKB.E,1708585762699015297,1708585762699015297,782739321336840923,7827394982901152402,B,8.630,50,8.640,65951,8.630,26975,P_SUREKLI_ISLEM
648,bist,TSKB.E,1708585762699015297,1708585762699015297,782739321336840924,7827394982901153128,B,8.630,1000,8.640,65951,8.630,25975,P_SUREKLI_ISLEM
649,bist,TSKB.E,1708585762699015297,1708585762699015297,782739321336840925,7827394982901153396,B,8.630,945,8.640,65951,8.630,25030,P_SUREKLI_ISLEM
650,bist,TSKB.E,1708585762699015297,1708585762699015297,782739321336840926,7827394982901157770,B,8.630,10000,8.640,65951,8.630,15030,P_SUREKLI_ISLEM
651,bist,TSKB.E,1708585762699015297,1708585762699015297,782739321336840927,7827394982901159605,B,8.630,7,8.640,65951,8.630,15023,P_SUREKLI_ISLEM
652,bist,TSKB.E,1708585762699015297,1708585762699015297,782739321336840928,7827394982901160281,B,8.630,55,8.640,65951,8.630,14968,P_SUREKLI_ISLEM
653,bist,TSKB.E,1708585762699015297,1708585762699015297,782739321336840929,7827394982901163010,B,8.630,1000,8.640,65951,8.630,13968,P_SUREKLI_ISLEM
654,bist,TSKB.E,1708585762699015297,1708585762699015297,782739321336840930,7827394982901164378,B,8.630,3,8.640,65951,8.630,13965,P_SUREKLI_ISLEM
655,bist,TSKB.E,1708585762699015297,1708585762699015297,782739321336840931,7827394982901166726,B,8.630,4918,8.640,65951,8.630,9047,P_SUREKLI_ISLEM
656,bist,TSKB.E,1708585762699015297,1708585762699015297,782739321336840932,7827394982901169956,B,8.630,3000,8.640,65951,8.630,6047,P_SUREKLI_ISLEM
657,bist,TSKB.E,1708585762699015297,1708585762699015297,782739321336840933,7827394982901184570,B,8.630,5,8.640,65951,8.630,6042,P_SUREKLI_ISLEM
658,bist,TSKB.E,1708585762699015297,1708585762699015297,782739321336840934,7827394982901184627,B,8.630,60,8.640,65951,8.630,5982,P_SUREKLI_ISLEM
659,bist,TSKB.E,1708585762699015297,1708585762699015297,782739321336840935,7827394982901205173,B,8.630,20,8.640,65951,8.630,5962,P_SUREKLI_ISLEM
660,bist,TSKB.E,1708585762699015297,1708585762699015297,782739321336840936,7827394982901213074,B,8.630,3,8.640,65951,8.630,5959,P_SUREKLI_ISLEM
661,bist,TSKB.E,1708585762699015297,1708585762699015297,782739321336840937,7827394982901213308,B,8.630,5000,8.640,65951,8.630,959,P_SUREKLI_ISLEM
662,bist,TSKB.E,1708585762699015297,1708585762699015297,782739321336840938,7827394982901216179,B,8.630,500,8.640,65951,8.630,459,P_SUREKLI_ISLEM
663,bist,TSKB.E,1708585762699015297,1708585762699015297,782739321336840939,7827394982901227991,B,8.630,40,8.640,65951,8.630,419,P_SUREKLI_ISLEM
664,bist,TSKB.E,1708585762699015297,1708585762699015297,782739321336840940,7827394982901229550,B,8.630,300,8.640,65951,8.630,119,P_SUREKLI_ISLEM
665,bist,TSKB.E,1708585762699015297,1708585762699015297,782739321336840941,7827394982901230597,B,8.630,90,8.640,65951,8.630,29,P_SUREKLI_ISLEM
666,bist,TSKB.E,1708585762699015297,1708585762699015297,782739321336840942,7827394982901239190,B,8.630,26,8.640,65951,8.630,3,P_SUREKLI_ISLEM
667,bist,TSKB.E,1708585762699015297,1708585762699015297,782739321336840943,7827394982901277771,B,8.630,3,8.640,65951,8.620,72033,P_SUREKLI_ISLEM
668,bist,TSKB.E,1708585762699894832,1708585762699894832,782739321336840950,7827394982901287140,B,8.630,5982,8.640,76254,8.630,4918,P_SUREKLI_ISLEM
669,bist,TSKB.E,1708585762700020040,1708585762700020040,782739321336840951,7827394982901287140,B,8.630,4918,8.640,79227,8.620,66661,P_SUREKLI_ISLEM
670,bist,TSKB.E,1708585762701880565,1708585762701880565,782739321336840954,7827394982901287158,S,8.630,817,8.630,869,8.620,66661,P_SUREKLI_ISLEM
671,bist,TSKB.E,1708585762701880565,1708585762701880565,782739321336840955,7827394982901287227,S,8.630,869,8.640,82043,8.620,66661,P_SUREKLI_ISLEM
672,bist,TSKB.E,1708585762702081048,1708585762702081048,782739321336840956,7827394982901287372,B,8.630,4314,8.640,82043,8.620,66661,P_SUREKLI_ISLEM
673,bist,TSKB.E,1708585762705404533,1708585762705404533,782739321336840958,7827394982901287434,B,8.630,4000,8.640,82043,8.620,66661,P_SUREKLI_ISLEM
674,bist,TSKB.E,1708585762706323567,1708585762706323567,782739321336840964,7827394982901287486,B,8.630,6000,8.640,82043,8.630,2100,P_SUREKLI_ISLEM
675,bist,TSKB.E,1708585762706381197,1708585762706381197,782739321336840965,7827394982901287488,B,8.630,2100,8.640,82043,8.620,66661,P_SUREKLI_ISLEM
676,bist,TSKB.E,1708585762708605842,1708585762708605842,782739321336840970,7827394982901287547,B,8.630,28,8.640,68232,8.630,15972,P_SUREKLI_ISLEM
677,bist,TSKB.E,1708585763342536768,1708585763342536768,782739321336841058,7827394982901287547,B,8.630,28,8.640,68232,8.630,36944,P_SUREKLI_ISLEM
678,bist,TSKB.E,1708585770427252354,1708585770427252354,782739321336841900,7827394982901287547,B,8.630,15944,8.640,87448,8.630,21000,P_SUREKLI_ISLEM
679,bist,TSKB.E,1708585770427252354,1708585770427252354,782739321336841901,7827394982901287666,B,8.630,20000,8.640,87448,8.630,1000,P_SUREKLI_ISLEM
680,bist,TSKB.E,1708585770427252354,1708585770427252354,782739321336841902,7827394982901288880,B,8.630,1000,8.640,87448,8.620,70432,P_SUREKLI_ISLEM
