index,exchange,symbol,timestamp,local_timestamp,matchId,orderId,side,price,amount,askPrice,askQty,bidPrice,bidQty,state
0,bist,TSKB.E,1709017200103153656,1709017200103153656,782936958551839644,7829370530416987887,B,8.040,614,8.050,73927,8.040,42998,P_SUREKLI_ISLEM
1,bist,TSKB.E,1709017200103153656,1709017200103153656,782936958551839645,7829370530416987912,B,8.040,1500,8.050,73927,8.040,41498,P_SUREKLI_ISLEM
2,bist,TSKB.E,1709017200103153656,1709017200103153656,782936958551839646,7829370530416988183,B,8.040,16,8.050,73927,8.040,41482,P_SUREKLI_ISLEM
3,bist,TSKB.E,1709017200103153656,1709017200103153656,782936958551839647,7829370530416989113,B,8.040,4,8.050,73927,8.040,41478,P_SUREKLI_ISLEM
4,bist,TSKB.E,1709017200103153656,1709017200103153656,782936958551839648,7829370530416989536,B,8.040,50,8.050,73927,8.040,41428,P_SUREKLI_ISLEM
5,bist,TSKB.E,1709017200103153656,1709017200103153656,782936958551839649,7829370530416989878,B,8.040,100,8.050,73927,8.040,41328,P_SUREKLI_ISLEM
6,bist,TSKB.E,1709017200103153656,1709017200103153656,782936958551839650,7829370530416990028,B,8.040,111,8.050,73927,8.040,41217,P_SUREKLI_ISLEM
7,bist,TSKB.E,1709017200103153656,1709017200103153656,782936958551839651,7829370530416991320,B,8.040,200,8.050,73927,8.040,41017,P_SUREKLI_ISLEM
8,bist,TSKB.E,1709017200103153656,1709017200103153656,782936958551839652,7829370530416991666,B,8.040,20,8.050,73927,8.040,40997,P_SUREKLI_ISLEM
9,bist,TSKB.E,1709017200103153656,1709017200103153656,782936958551839653,7829370530416992534,B,8.040,10,8.050,73927,8.040,40987,P_SUREKLI_ISLEM
10,bist,TSKB.E,1709017200103153656,1709017200103153656,782936958551839654,7829370530416995050,B,8.040,1,8.050,73927,8.040,40986,P_SUREKLI_ISLEM
11,bist,TSKB.E,1709017200103153656,1709017200103153656,782936958551839655,7829370530416996100,B,8.040,250,8.050,73927,8.040,40736,P_SUREKLI_ISLEM
12,bist,TSKB.E,1709017200103153656,1709017200103153656,782936958551839656,7829370530416996492,B,8.040,10,8.050,73927,8.040,40726,P_SUREKLI_ISLEM
13,bist,TSKB.E,1709017200103153656,1709017200103153656,782936958551839657,7829370530416996624,B,8.040,172,8.050,73927,8.040,40554,P_SUREKLI_ISLEM
14,bist,TSKB.E,1709017200103153656,1709017200103153656,782936958551839658,7829370530416996923,B,8.040,250,8.050,73927,8.040,40304,P_SUREKLI_ISLEM
15,bist,TSKB.E,1709017200103153656,1709017200103153656,782936958551839659,7829370530416997090,B,8.040,4,8.050,73927,8.040,40300,P_SUREKLI_ISLEM
16,bist,TSKB.E,1709017200103153656,1709017200103153656,782936958551839660,7829370530416998764,B,8.040,146,8.050,73927,8.040,40154,P_SUREKLI_ISLEM
17,bist,TSKB.E,1709017200103153656,1709017200103153656,782936958551839661,7829370530416998901,B,8.040,1,8.050,73927,8.040,40153,P_SUREKLI_ISLEM
18,bist,TSKB.E,1709017200103153656,1709017200103153656,782936958551839662,7829370530416999330,B,8.040,1,8.050,73927,8.040,40152,P_SUREKLI_ISLEM
19,bist,TSKB.E,1709017200103153656,1709017200103153656,782936958551839663,7829370530416999722,B,8.040,4,8.050,73927,8.040,40148,P_SUREKLI_ISLEM
20,bist,TSKB.E,1709017200103153656,1709017200103153656,782936958551839664,7829370530417001329,B,8.040,40,8.050,73927,8.040,40108,P_SUREKLI_ISLEM
21,bist,TSKB.E,1709017200103153656,1709017200103153656,782936958551839665,7829370530417002080,B,8.040,2,8.050,73927,8.040,40106,P_SUREKLI_ISLEM
22,bist,TSKB.E,1709017200103153656,1709017200103153656,782936958551839666,7829370530417002433,B,8.040,10,8.050,73927,8.040,40096,P_SUREKLI_ISLEM
23,bist,TSKB.E,1709017200103153656,1709017200103153656,782936958551839667,7829370530417002454,B,8.040,100,8.050,73927,8.040,39996,P_SUREKLI_ISLEM
24,bist,TSKB.E,1709017200103153656,1709017200103153656,782936958551839668,7829370530417002628,B,8.040,2,8.050,73927,8.040,39994,P_SUREKLI_ISLEM
25,bist,TSKB.E,1709017200103153656,1709017200103153656,782936958551839669,7829370530417005969,B,8.040,10,8.050,73927,8.040,39984,P_SUREKLI_ISLEM
26,bist,TSKB.E,1709017200103153656,1709017200103153656,782936958551839670,7829370530417006969,B,8.040,15,8.050,73927,8.040,39969,P_SUREKLI_ISLEM
27,bist,TSKB.E,1709017200103153656,1709017200103153656,782936958551839671,7829370530417007082,B,8.040,50,8.050,73927,8.040,39919,P_SUREKLI_ISLEM
28,bist,TSKB.E,1709017200103153656,1709017200103153656,782936958551839672,7829370530417007980,B,8.040,7,8.050,73927,8.040,39912,P_SUREKLI_ISLEM
29,bist,TSKB.E,1709017200103153656,1709017200103153656,782936958551839673,7829370530417008269,B,8.040,50,8.050,73927,8.040,39862,P_SUREKLI_ISLEM
30,bist,TSKB.E,1709017200103153656,1709017200103153656,782936958551839674,7829370530417009554,B,8.040,5,8.050,73927,8.040,39857,P_SUREKLI_ISLEM
31,bist,TSKB.E,1709017200103153656,1709017200103153656,782936958551839675,7829370530417009866,B,8.040,129,8.050,73927,8.040,39728,P_SUREKLI_ISLEM
32,bist,TSKB.E,1709017200103153656,1709017200103153656,782936958551839676,7829370530417011516,B,8.040,100,8.050,73927,8.040,39628,P_SUREKLI_ISLEM
33,bist,TSKB.E,1709017200103153656,1709017200103153656,782936958551839677,7829370530417011548,B,8.040,14,8.050,73927,8.040,39614,P_SUREKLI_ISLEM
34,bist,TSKB.E,1709017200103153656,1709017200103153656,782936958551839678,7829370530417012293,B,8.040,75,8.050,73927,8.040,39539,P_SUREKLI_ISLEM
35,bist,TSKB.E,1709017200103153656,1709017200103153656,782936958551839679,7829370530417012547,B,8.040,5,8.050,73927,8.040,39534,P_SUREKLI_ISLEM
36,bist,TSKB.E,1709017200103153656,1709017200103153656,782936958551839680,7829370530417013826,B,8.040,15,8.050,73927,8.040,39519,P_SUREKLI_ISLEM
37,bist,TSKB.E,1709017200103153656,1709017200103153656,782936958551839681,7829370530417013940,B,8.040,20,8.050,73927,8.040,39499,P_SUREKLI_ISLEM
38,bist,TSKB.E,1709017200103153656,1709017200103153656,782936958551839682,7829370530417014229,B,8.040,1,8.050,73927,8.040,39498,P_SUREKLI_ISLEM
39,bist,TSKB.E,1709017200103153656,1709017200103153656,782936958551839683,7829370530417014471,B,8.040,20,8.050,73927,8.040,39478,P_SUREKLI_ISLEM
40,bist,TSKB.E,1709017200103153656,1709017200103153656,782936958551839684,7829370530417015167,B,8.040,20,8.050,73927,8.040,39458,P_SUREKLI_ISLEM
41,bist,TSKB.E,1709017200103153656,1709017200103153656,782936958551839685,7829370530417015232,B,8.040,143,8.050,73927,8.040,39315,P_SUREKLI_ISLEM
42,bist,TSKB.E,1709017200103153656,1709017200103153656,782936958551839686,7829370530417015653,B,8.040,1,8.050,73927,8.040,39314,P_SUREKLI_ISLEM
43,bist,TSKB.E,1709017200103153656,1709017200103153656,782936958551839687,7829370530417016962,B,8.040,3,8.050,73927,8.040,39311,P_SUREKLI_ISLEM
44,bist,TSKB.E,1709017200103153656,1709017200103153656,782936958551839688,7829370530417017289,B,8.040,3,8.050,73927,8.040,39308,P_SUREKLI_ISLEM
45,bist,TSKB.E,1709017200103153656,1709017200103153656,782936958551839689,7829370530417019275,B,8.040,25,8.050,73927,8.040,39283,P_SUREKLI_ISLEM
46,bist,TSKB.E,1709017200103153656,1709017200103153656,782936958551839690,7829370530417020120,B,8.040,160,8.050,73927,8.040,39123,P_SUREKLI_ISLEM
47,bist,TSKB.E,1709017200103153656,1709017200103153656,782936958551839691,7829370530417020541,B,8.040,2,8.050,73927,8.040,39121,P_SUREKLI_ISLEM
48,bist,TSKB.E,1709017200103153656,1709017200103153656,782936958551839692,7829370530417020886,B,8.040,7,8.050,73927,8.040,39114,P_SUREKLI_ISLEM
49,bist,TSKB.E,1709017200103153656,1709017200103153656,782936958551839693,7829370530417021379,B,8.040,250,8.050,73927,8.040,38864,P_SUREKLI_ISLEM
50,bist,TSKB.E,1709017200103153656,1709017200103153656,782936958551839694,7829370530417021455,B,8.040,3,8.050,73927,8.040,38861,P_SUREKLI_ISLEM
51,bist,TSKB.E,1709017200103153656,1709017200103153656,782936958551839695,7829370530417021963,B,8.040,200,8.050,73927,8.040,38661,P_SUREKLI_ISLEM
52,bist,TSKB.E,1709017200103153656,1709017200103153656,782936958551839696,7829370530417023146,B,8.040,125,8.050,73927,8.040,38536,P_SUREKLI_ISLEM
53,bist,TSKB.E,1709017200103153656,1709017200103153656,782936958551839697,7829370530417023282,B,8.040,5,8.050,73927,8.040,38531,P_SUREKLI_ISLEM
54,bist,TSKB.E,1709017200103153656,1709017200103153656,782936958551839698,7829370530417023479,B,8.040,1,8.050,73927,8.040,38530,P_SUREKLI_ISLEM
55,bist,TSKB.E,1709017200103153656,1709017200103153656,782936958551839699,7829370530417023553,B,8.040,4968,8.050,73927,8.040,33562,P_SUREKLI_ISLEM
56,bist,TSKB.E,1709017200103153656,1709017200103153656,782936958551839700,7829370530417023721,B,8.040,22,8.050,73927,8.040,33540,P_SUREKLI_ISLEM
57,bist,TSKB.E,1709017200103153656,1709017200103153656,782936958551839701,7829370530417023740,B,8.040,1,8.050,73927,8.040,33539,P_SUREKLI_ISLEM
58,bist,TSKB.E,1709017200103153656,1709017200103153656,782936958551839702,7829370530417023776,B,8.040,1,8.050,73927,8.040,33538,P_SUREKLI_ISLEM
59,bist,TSKB.E,1709017200103153656,1709017200103153656,782936958551839703,7829370530417024240,B,8.040,11,8.050,73927,8.040,33527,P_SUREKLI_ISLEM
60,bist,TSKB.E,1709017200103153656,1709017200103153656,782936958551839704,7829370530417024640,B,8.040,1,8.050,73927,8.040,33526,P_SUREKLI_ISLEM
61,bist,TSKB.E,1709017200103153656,1709017200103153656,782936958551839705,7829370530417024802,B,8.040,1454,8.050,73927,8.040,32072,P_SUREKLI_ISLEM
62,bist,TSKB.E,1709017200103153656,1709017200103153656,782936958551839706,7829370530417025083,B,8.040,10,8.050,73927,8.040,32062,P_SUREKLI_ISLEM
63,bist,TSKB.E,1709017200103153656,1709017200103153656,782936958551839707,7829370530417025194,B,8.040,2,8.050,73927,8.040,32060,P_SUREKLI_ISLEM
64,bist,TSKB.E,1709017200103153656,1709017200103153656,782936958551839708,7829370530417025366,B,8.040,40,8.050,73927,8.040,32020,P_SUREKLI_ISLEM
65,bist,TSKB.E,1709017200103153656,1709017200103153656,782936958551839709,7829370530417025615,B,8.040,2,8.050,73927,8.040,32018,P_SUREKLI_ISLEM
66,bist,TSKB.E,1709017200103153656,1709017200103153656,782936958551839710,7829370530417025692,B,8.040,9,8.050,73927,8.040,32009,P_SUREKLI_ISLEM
67,bist,TSKB.E,1709017200103153656,1709017200103153656,782936958551839711,7829370530417026204,B,8.040,2,8.050,73927,8.040,32007,P_SUREKLI_ISLEM
68,bist,TSKB.E,1709017200103153656,1709017200103153656,782936958551839712,7829370530417026836,B,8.040,68,8.050,73927,8.040,31939,P_SUREKLI_ISLEM
69,bist,TSKB.E,1709017200103153656,1709017200103153656,782936958551839713,7829370530417026993,B,8.040,1,8.050,73927,8.040,31938,P_SUREKLI_ISLEM
70,bist,TSKB.E,1709017200103153656,1709017200103153656,782936958551839714,7829370530417027252,B,8.040,8,8.050,73927,8.040,31930,P_SUREKLI_ISLEM
71,bist,TSKB.E,1709017200103153656,1709017200103153656,782936958551839715,7829370530417027255,B,8.040,2,8.050,73927,8.040,31928,P_SUREKLI_ISLEM
72,bist,TSKB.E,1709017200103153656,1709017200103153656,782936958551839716,7829370530417027365,B,8.040,100,8.050,73927,8.040,31828,P_SUREKLI_ISLEM
73,bist,TSKB.E,1709017200103153656,1709017200103153656,782936958551839717,7829370530417027599,B,8.040,100,8.050,73927,8.040,31728,P_SUREKLI_ISLEM
74,bist,TSKB.E,1709017200103153656,1709017200103153656,782936958551839718,7829370530417027609,B,8.040,12,8.050,73927,8.040,31716,P_SUREKLI_ISLEM
75,bist,TSKB.E,1709017200103153656,1709017200103153656,782936958551839719,7829370530417028334,B,8.040,10,8.050,73927,8.040,31706,P_SUREKLI_ISLEM
76,bist,TSKB.E,1709017200103153656,1709017200103153656,782936958551839720,7829370530417028425,B,8.040,8,8.050,73927,8.040,31698,P_SUREKLI_ISLEM
77,bist,TSKB.E,1709017200103153656,1709017200103153656,782936958551839721,7829370530417028786,B,8.040,1,8.050,73927,8.040,31697,P_SUREKLI_ISLEM
78,bist,TSKB.E,1709017200103153656,1709017200103153656,782936958551839722,7829370530417030068,B,8.040,2,8.050,73927,8.040,31695,P_SUREKLI_ISLEM
79,bist,TSKB.E,1709017200103153656,1709017200103153656,782936958551839723,7829370530417030214,B,8.040,1,8.050,73927,8.040,31694,P_SUREKLI_ISLEM
80,bist,TSKB.E,1709017200103153656,1709017200103153656,782936958551839724,7829370530417030526,B,8.040,51,8.050,73927,8.040,31643,P_SUREKLI_ISLEM
81,bist,TSKB.E,1709017200103153656,1709017200103153656,782936958551839725,7829370530417030755,B,8.040,1,8.050,73927,8.040,31642,P_SUREKLI_ISLEM
82,bist,TSKB.E,1709017200103153656,1709017200103153656,782936958551839726,7829370530417030967,B,8.040,7,8.050,73927,8.040,31635,P_SUREKLI_ISLEM
83,bist,TSKB.E,1709017200103153656,1709017200103153656,782936958551839727,7829370530417031052,B,8.040,17,8.050,73927,8.040,31618,P_SUREKLI_ISLEM
84,bist,TSKB.E,1709017200103153656,1709017200103153656,782936958551839728,7829370530417031578,B,8.040,50,8.050,73927,8.040,31568,P_SUREKLI_ISLEM
85,bist,TSKB.E,1709017200103153656,1709017200103153656,782936958551839729,7829370530417032069,B,8.040,100,8.050,73927,8.040,31468,P_SUREKLI_ISLEM
86,bist,TSKB.E,1709017200103153656,1709017200103153656,782936958551839730,7829370530417033287,B,8.040,2,8.050,73927,8.040,31466,P_SUREKLI_ISLEM
87,bist,TSKB.E,1709017200103153656,1709017200103153656,782936958551839731,7829370530417035311,B,8.040,124,8.050,73927,8.040,31342,P_SUREKLI_ISLEM
88,bist,TSKB.E,1709017200103153656,1709017200103153656,782936958551839732,7829370530417036420,B,8.040,30,8.050,73927,8.040,31312,P_SUREKLI_ISLEM
89,bist,TSKB.E,1709017200103153656,1709017200103153656,782936958551839733,7829370530417037959,B,8.040,295,8.050,73927,8.040,31017,P_SUREKLI_ISLEM
90,bist,TSKB.E,1709017200103153656,1709017200103153656,782936958551839734,7829370530417038318,B,8.040,3,8.050,73927,8.040,31014,P_SUREKLI_ISLEM
91,bist,TSKB.E,1709017200103153656,1709017200103153656,782936958551839735,7829370530417074314,B,8.040,69,8.050,73927,8.040,30945,P_SUREKLI_ISLEM
92,bist,TSKB.E,1709017200103153656,1709017200103153656,782936958551839736,7829370530417112893,B,8.040,250,8.050,73927,8.040,30695,P_SUREKLI_ISLEM
93,bist,TSKB.E,1709017200103153656,1709017200103153656,782936958551839737,7829370530417117964,B,8.040,400,8.050,73927,8.040,30295,P_SUREKLI_ISLEM
94,bist,TSKB.E,1709017200103153656,1709017200103153656,782936958551839738,7829370530417121746,B,8.040,5,8.050,73927,8.040,30290,P_SUREKLI_ISLEM
95,bist,TSKB.E,1709017200103153656,1709017200103153656,782936958551839739,7829370530417122635,B,8.040,9,8.050,73927,8.040,30281,P_SUREKLI_ISLEM
96,bist,TSKB.E,1709017200103153656,1709017200103153656,782936958551839740,7829370530417143093,B,8.040,6669,8.050,73927,8.040,23612,P_SUREKLI_ISLEM
97,bist,TSKB.E,1709017200103815044,1709017200103815044,782936958551839742,7829370530417143093,B,8.040,13331,8.050,73927,8.040,10281,P_SUREKLI_ISLEM
98,bist,TSKB.E,1709017200103815044,1709017200103815044,782936958551839743,7829370530417147277,B,8.040,29,8.050,73927,8.040,10252,P_SUREKLI_ISLEM
99,bist,TSKB.E,1709017200103815044,1709017200103815044,782936958551839744,7829370530417147340,B,8.040,5000,8.050,73927,8.040,5252,P_SUREKLI_ISLEM
100,bist,TSKB.E,1709017200103815044,1709017200103815044,782936958551839745,7829370530417148252,B,8.040,125,8.050,73927,8.040,5127,P_SUREKLI_ISLEM
101,bist,TSKB.E,1709017200103815044,1709017200103815044,782936958551839746,7829370530417157739,B,8.040,5000,8.050,73927,8.040,127,P_SUREKLI_ISLEM
102,bist,TSKB.E,1709017200103815044,1709017200103815044,782936958551839747,7829370530417158077,B,8.040,3,8.050,73927,8.040,124,P_SUREKLI_ISLEM
103,bist,TSKB.E,1709017200103815044,1709017200103815044,782936958551839748,7829370530417170653,B,8.040,124,8.050,73927,8.030,6082,P_SUREKLI_ISLEM
104,bist,TSKB.E,1709017200906135941,1709017200906135941,782936958551841181,7829370530417332847,B,8.040,5586,8.050,73927,8.030,6082,P_SUREKLI_ISLEM
105,bist,TSKB.E,1709017200952551725,1709017200952551725,782936958551841195,7829370530417333088,B,8.040,111,8.050,73927,8.030,6193,P_SUREKLI_ISLEM
106,bist,TSKB.E,1709017201122446474,1709017201122446474,782936958551841933,7829370530416940893,B,8.030,28,8.040,20100,8.030,5568,P_SUREKLI_ISLEM
107,bist,TSKB.E,1709017201122528669,1709017201122528669,782936958551841934,7829370530417333458,S,8.040,29,8.040,20071,8.030,5568,P_SUREKLI_ISLEM
108,bist,TSKB.E,1709017201199223657,1709017201199223657,782936958551841945,7829370530417333458,S,8.040,19971,8.040,100,8.030,5568,P_SUREKLI_ISLEM
109,bist,TSKB.E,1709017201199223657,1709017201199223657,782936958551841946,7829370530416950400,S,8.040,100,8.050,76191,8.030,5568,P_SUREKLI_ISLEM
110,bist,TSKB.E,1709017201199223657,1709017201199223657,782936958551841947,7829370530416933082,S,8.050,9929,8.050,66262,8.030,5568,P_SUREKLI_ISLEM
111,bist,TSKB.E,1709017202132740305,1709017202132740305,782936958551842722,7829370530416933082,S,8.050,28,8.050,67586,8.030,6315,P_SUREKLI_ISLEM
112,bist,TSKB.E,1709017202306798321,1709017202306798321,782936958551842908,7829370530416933082,S,8.050,3000,8.050,64586,8.030,6315,P_SUREKLI_ISLEM
113,bist,TSKB.E,1709017202761999699,1709017202761999699,782936958551843326,7829370530416933082,S,8.050,2500,8.050,62086,8.030,6315,P_SUREKLI_ISLEM
114,bist,TSKB.E,1709017202906749694,1709017202906749694,782936958551843552,7829370530417345306,S,8.040,25064,8.050,62086,8.030,6315,P_SUREKLI_ISLEM
115,bist,TSKB.E,1709017205122258224,1709017205122258224,782936958551844798,7829370530416933082,S,8.050,6,8.050,62080,8.030,6315,P_SUREKLI_ISLEM
116,bist,TSKB.E,1709017205222294296,1709017205222294296,782936958551844860,7829370530416933082,S,8.050,1,8.050,62079,8.030,6315,P_SUREKLI_ISLEM
117,bist,TSKB.E,1709017207763080287,1709017207763080287,782936958551845850,7829370530417355687,B,8.040,29,8.050,62079,8.040,2100,P_SUREKLI_ISLEM
118,bist,TSKB.E,1709017207763080287,1709017207763080287,782936958551845851,7829370530417356300,B,8.040,1000,8.050,62079,8.040,1100,P_SUREKLI_ISLEM
119,bist,TSKB.E,1709017207763080287,1709017207763080287,782936958551845852,7829370530417357300,B,8.040,1000,8.050,62079,8.040,100,P_SUREKLI_ISLEM
120,bist,TSKB.E,1709017207763080287,1709017207763080287,782936958551845853,7829370530417362109,B,8.040,100,8.050,62079,8.030,6563,P_SUREKLI_ISLEM
121,bist,TSKB.E,1709017210261311639,1709017210261311639,782936958551846960,7829370530416933082,S,8.050,34536,8.050,27543,8.040,5050,P_SUREKLI_ISLEM
122,bist,TSKB.E,1709017210261311639,1709017210261311639,782936958551846961,7829370530416960279,S,8.050,3,8.050,27540,8.040,5050,P_SUREKLI_ISLEM
123,bist,TSKB.E,1709017210261311639,1709017210261311639,782936958551846962,7829370530416983230,S,8.050,1,8.050,27539,8.040,5050,P_SUREKLI_ISLEM
124,bist,TSKB.E,1709017210261311639,1709017210261311639,782936958551846963,7829370530416986404,S,8.050,66,8.050,27473,8.040,5050,P_SUREKLI_ISLEM
125,bist,TSKB.E,1709017210261311639,1709017210261311639,782936958551846964,7829370530416988638,S,8.050,200,8.050,27273,8.040,5050,P_SUREKLI_ISLEM
126,bist,TSKB.E,1709017210261311639,1709017210261311639,782936958551846965,7829370530417004200,S,8.050,6,8.050,27267,8.040,5050,P_SUREKLI_ISLEM
127,bist,TSKB.E,1709017210261311639,1709017210261311639,782936958551846966,7829370530417006007,S,8.050,1650,8.050,25617,8.040,5050,P_SUREKLI_ISLEM
128,bist,TSKB.E,1709017210261311639,1709017210261311639,782936958551846967,7829370530417007902,S,8.050,1000,8.050,24617,8.040,5050,P_SUREKLI_ISLEM
129,bist,TSKB.E,1709017210261311639,1709017210261311639,782936958551846968,7829370530417009736,S,8.050,1,8.050,24616,8.040,5050,P_SUREKLI_ISLEM
130,bist,TSKB.E,1709017210261311639,1709017210261311639,782936958551846969,7829370530417132841,S,8.050,17000,8.050,7616,8.040,5050,P_SUREKLI_ISLEM
131,bist,TSKB.E,1709017210261311639,1709017210261311639,782936958551846970,7829370530417156240,S,8.050,3000,8.050,4616,8.040,5050,P_SUREKLI_ISLEM
132,bist,TSKB.E,1709017210261311639,1709017210261311639,782936958551846971,7829370530417164785,S,8.050,1000,8.050,3616,8.040,5050,P_SUREKLI_ISLEM
133,bist,TSKB.E,1709017210261311639,1709017210261311639,782936958551846972,7829370530417334348,S,8.050,851,8.050,2765,8.040,5050,P_SUREKLI_ISLEM
134,bist,TSKB.E,1709017210261311639,1709017210261311639,782936958551846973,7829370530417334358,S,8.050,646,8.050,2119,8.040,5050,P_SUREKLI_ISLEM
135,bist,TSKB.E,1709017210261311639,1709017210261311639,782936958551846974,7829370530417334359,S,8.050,767,8.050,1352,8.040,5050,P_SUREKLI_ISLEM
136,bist,TSKB.E,1709017210261311639,1709017210261311639,782936958551846975,7829370530417340252,S,8.050,797,8.050,555,8.040,5050,P_SUREKLI_ISLEM
137,bist,TSKB.E,1709017210261311639,1709017210261311639,782936958551846976,7829370530417340253,S,8.050,555,8.060,108613,8.040,5050,P_SUREKLI_ISLEM
138,bist,TSKB.E,1709017210261311639,1709017210261311639,782936958551846978,7829370530416933083,S,8.060,25421,8.060,80692,8.040,5050,P_SUREKLI_ISLEM
139,bist,TSKB.E,1709017210341548691,1709017210341548691,782936958551846999,7829370530417369684,B,8.040,50,8.050,30658,8.040,5998,P_SUREKLI_ISLEM
140,bist,TSKB.E,1709017210341548691,1709017210341548691,782936958551847000,7829370530417369993,B,8.040,5000,8.050,30658,8.040,998,P_SUREKLI_ISLEM
141,bist,TSKB.E,1709017210341548691,1709017210341548691,782936958551847001,7829370530417373667,B,8.040,998,8.050,30658,8.030,8696,P_SUREKLI_ISLEM
142,bist,TSKB.E,1709017210341623722,1709017210341623722,782936958551847002,7829370530417373884,S,8.040,3952,8.050,30658,8.030,8696,P_SUREKLI_ISLEM
143,bist,TSKB.E,1709017212318987867,1709017212318987867,782936958551847688,7829370530417373999,B,8.040,450,8.050,31425,8.040,3171,P_SUREKLI_ISLEM
144,bist,TSKB.E,1709017212319075010,1709017212319075010,782936958551847689,7829370530417373999,B,8.040,2550,8.050,31425,8.040,621,P_SUREKLI_ISLEM
145,bist,TSKB.E,1709017212319075010,1709017212319075010,782936958551847690,7829370530417375518,B,8.040,621,8.050,31425,8.030,8696,P_SUREKLI_ISLEM
146,bist,TSKB.E,1709017212319217680,1709017212319217680,782936958551847691,7829370530417381620,S,8.040,2000,8.050,32171,8.030,8696,P_SUREKLI_ISLEM
147,bist,TSKB.E,1709017212529548344,1709017212529548344,782936958551847731,7829370530416940893,B,8.030,4,8.050,32171,8.030,8692,P_SUREKLI_ISLEM
148,bist,TSKB.E,1709017213429146228,1709017213429146228,782936958551847903,7829370530417383861,B,8.040,10,8.050,32171,8.030,8692,P_SUREKLI_ISLEM
149,bist,TSKB.E,1709017214689706737,1709017214689706737,782936958551848460,7829370530417387388,S,8.040,500,8.040,1000,8.030,8692,P_SUREKLI_ISLEM
150,bist,TSKB.E,1709017214689780062,1709017214689780062,782936958551848461,7829370530417387388,S,8.040,1000,8.050,33829,8.030,8692,P_SUREKLI_ISLEM
151,bist,TSKB.E,1709017214712915613,1709017214712915613,782936958551848478,7829370530417388235,B,8.040,4,8.050,33829,8.030,8692,P_SUREKLI_ISLEM
152,bist,TSKB.E,1709017215001213813,1709017215001213813,782936958551848584,7829370530417373663,S,8.050,1120,8.050,32709,8.030,8692,P_SUREKLI_ISLEM
153,bist,TSKB.E,1709017215693414649,1709017215693414649,782936958551848721,7829370530417373663,S,8.050,30,8.050,32679,8.030,8692,P_SUREKLI_ISLEM
154,bist,TSKB.E,1709017215927572573,1709017215927572573,782936958551848804,7829370530417391604,B,8.040,20,8.050,32679,8.030,17197,P_SUREKLI_ISLEM
155,bist,TSKB.E,1709017218723978876,1709017218723978876,782936958551849711,7829370530416940893,B,8.030,4,8.040,31818,8.030,7814,P_SUREKLI_ISLEM
156,bist,TSKB.E,1709017220284830496,1709017220284830496,782936958551849916,7829370530417392241,S,8.040,466,8.040,31352,8.030,7086,P_SUREKLI_ISLEM
157,bist,TSKB.E,1709017220284830496,1709017220284830496,782936958551849917,7829370530417400767,S,8.040,534,8.040,30818,8.030,7086,P_SUREKLI_ISLEM
158,bist,TSKB.E,1709017222178817504,1709017222178817504,782936958551850259,7829370530417400767,S,8.040,500,8.040,30318,8.030,7086,P_SUREKLI_ISLEM
159,bist,TSKB.E,1709017226871418680,1709017226871418680,782936958551851190,7829370530417400767,S,8.040,1000,8.040,29318,8.030,7086,P_SUREKLI_ISLEM
160,bist,TSKB.E,1709017231176039864,1709017231176039864,782936958551852059,7829370530417400767,S,8.040,50,8.040,29568,8.030,7086,P_SUREKLI_ISLEM
161,bist,TSKB.E,1709017232461591229,1709017232461591229,782936958551852306,7829370530417400767,S,8.040,99,8.040,29469,8.030,8086,P_SUREKLI_ISLEM
162,bist,TSKB.E,1709017235129476292,1709017235129476292,782936958551852996,7829370530417400767,S,8.040,500,8.040,28989,8.030,8086,P_SUREKLI_ISLEM
163,bist,TSKB.E,1709017238167532918,1709017238167532918,782936958551853558,7829370530416940893,B,8.030,30,8.040,29494,8.030,8056,P_SUREKLI_ISLEM
164,bist,TSKB.E,1709017238167553863,1709017238167553863,782936958551853559,7829370530416940893,B,8.030,58,8.040,29494,8.030,7998,P_SUREKLI_ISLEM
165,bist,TSKB.E,1709017238167553863,1709017238167553863,782936958551853560,7829370530416948972,B,8.030,126,8.040,29494,8.030,7872,P_SUREKLI_ISLEM
166,bist,TSKB.E,1709017238167553863,1709017238167553863,782936958551853561,7829370530417011369,B,8.030,1,8.040,29494,8.030,7871,P_SUREKLI_ISLEM
167,bist,TSKB.E,1709017238167553863,1709017238167553863,782936958551853562,7829370530417020226,B,8.030,125,8.040,29494,8.030,7746,P_SUREKLI_ISLEM
168,bist,TSKB.E,1709017238167553863,1709017238167553863,782936958551853563,7829370530417032223,B,8.030,100,8.040,29494,8.030,7646,P_SUREKLI_ISLEM
169,bist,TSKB.E,1709017238167553863,1709017238167553863,782936958551853564,7829370530417120335,B,8.030,9,8.040,29494,8.030,7637,P_SUREKLI_ISLEM
170,bist,TSKB.E,1709017238167553863,1709017238167553863,782936958551853565,7829370530417153404,B,8.030,5000,8.040,29494,8.030,2637,P_SUREKLI_ISLEM
171,bist,TSKB.E,1709017238167553863,1709017238167553863,782936958551853566,7829370530417333080,B,8.030,111,8.040,29494,8.030,2526,P_SUREKLI_ISLEM
172,bist,TSKB.E,1709017238167553863,1709017238167553863,782936958551853567,7829370530417340257,B,8.030,747,8.040,29494,8.030,1779,P_SUREKLI_ISLEM
173,bist,TSKB.E,1709017238167553863,1709017238167553863,782936958551853568,7829370530417366352,B,8.030,759,8.040,29494,8.030,1020,P_SUREKLI_ISLEM
174,bist,TSKB.E,1709017238167553863,1709017238167553863,782936958551853569,7829370530417391580,B,8.030,20,8.040,29494,8.030,1000,P_SUREKLI_ISLEM
175,bist,TSKB.E,1709017238167553863,1709017238167553863,782936958551853570,7829370530417432150,B,8.030,1000,8.040,29494,8.020,25543,P_SUREKLI_ISLEM
176,bist,TSKB.E,1709017238671572426,1709017238671572426,782936958551853634,7829370530417400767,S,8.040,189,8.040,30241,8.020,17368,P_SUREKLI_ISLEM
177,bist,TSKB.E,1709017243692592926,1709017243692592926,782936958551854761,7829370530416938809,B,8.020,750,8.040,40502,8.020,16618,P_SUREKLI_ISLEM
178,bist,TSKB.E,1709017243692592926,1709017243692592926,782936958551854762,7829370530416948973,B,8.020,127,8.040,40502,8.020,16491,P_SUREKLI_ISLEM
179,bist,TSKB.E,1709017243692592926,1709017243692592926,782936958551854763,7829370530416966362,B,8.020,100,8.040,40502,8.020,16391,P_SUREKLI_ISLEM
180,bist,TSKB.E,1709017243692592926,1709017243692592926,782936958551854764,7829370530417007039,B,8.020,15,8.040,40502,8.020,16376,P_SUREKLI_ISLEM
181,bist,TSKB.E,1709017243692592926,1709017243692592926,782936958551854765,7829370530417010933,B,8.020,400,8.040,40502,8.020,15976,P_SUREKLI_ISLEM
182,bist,TSKB.E,1709017243692592926,1709017243692592926,782936958551854766,7829370530417011370,B,8.020,1,8.040,40502,8.020,15975,P_SUREKLI_ISLEM
183,bist,TSKB.E,1709017243692592926,1709017243692592926,782936958551854767,7829370530417151716,B,8.020,5000,8.040,40502,8.020,10975,P_SUREKLI_ISLEM
184,bist,TSKB.E,1709017243692592926,1709017243692592926,782936958551854768,7829370530417329435,B,8.020,111,8.040,40502,8.020,10864,P_SUREKLI_ISLEM
185,bist,TSKB.E,1709017243692592926,1709017243692592926,782936958551854769,7829370530417332643,B,8.020,248,8.040,40502,8.020,10616,P_SUREKLI_ISLEM
186,bist,TSKB.E,1709017243692592926,1709017243692592926,782936958551854770,7829370530417334352,B,8.020,767,8.040,40502,8.020,9849,P_SUREKLI_ISLEM
187,bist,TSKB.E,1709017243692592926,1709017243692592926,782936958551854771,7829370530417334362,B,8.020,956,8.040,40502,8.020,8893,P_SUREKLI_ISLEM
188,bist,TSKB.E,1709017243692592926,1709017243692592926,782936958551854772,7829370530417334849,B,8.020,584,8.040,40502,8.020,8309,P_SUREKLI_ISLEM
189,bist,TSKB.E,1709017243692592926,1709017243692592926,782936958551854773,7829370530417339455,B,8.020,200,8.040,40502,8.020,8109,P_SUREKLI_ISLEM
190,bist,TSKB.E,1709017243692592926,1709017243692592926,782936958551854774,7829370530417340250,B,8.020,2858,8.040,40502,8.020,5251,P_SUREKLI_ISLEM
191,bist,TSKB.E,1709017243692592926,1709017243692592926,782936958551854775,7829370530417340251,B,8.020,3609,8.040,40502,8.020,1642,P_SUREKLI_ISLEM
192,bist,TSKB.E,1709017243692592926,1709017243692592926,782936958551854776,7829370530417346631,B,8.020,577,8.040,40502,8.020,1065,P_SUREKLI_ISLEM
193,bist,TSKB.E,1709017243692592926,1709017243692592926,782936958551854777,7829370530417367226,B,8.020,995,8.040,40502,8.020,70,P_SUREKLI_ISLEM
194,bist,TSKB.E,1709017243692592926,1709017243692592926,782936958551854778,7829370530417381199,B,8.020,50,8.040,40502,8.020,20,P_SUREKLI_ISLEM
195,bist,TSKB.E,1709017243692592926,1709017243692592926,782936958551854779,7829370530417391569,B,8.020,20,8.040,40502,8.010,45409,P_SUREKLI_ISLEM
196,bist,TSKB.E,1709017243692799000,1709017243692799000,782936958551854780,7829370530417454978,S,8.020,8445,8.040,42918,8.010,45409,P_SUREKLI_ISLEM
197,bist,TSKB.E,1709017243693123388,1709017243693123388,782936958551854782,7829370530417454993,S,8.030,30,8.030,11393,8.010,37446,P_SUREKLI_ISLEM
198,bist,TSKB.E,1709017251878723183,1709017251878723183,782936958551857591,7829370530417454993,S,8.030,1,8.030,21050,8.010,33379,P_SUREKLI_ISLEM
199,bist,TSKB.E,1709017253946860092,1709017253946860092,782936958551857872,7829370530416936195,B,8.010,25000,8.030,21050,8.010,5032,P_SUREKLI_ISLEM
200,bist,TSKB.E,1709017253946860092,1709017253946860092,782936958551857873,7829370530416936822,B,8.010,10,8.030,21050,8.010,5022,P_SUREKLI_ISLEM
201,bist,TSKB.E,1709017253946860092,1709017253946860092,782936958551857874,7829370530416938811,B,8.010,750,8.030,21050,8.010,4272,P_SUREKLI_ISLEM
202,bist,TSKB.E,1709017253946860092,1709017253946860092,782936958551857875,7829370530416948982,B,8.010,128,8.030,21050,8.010,4144,P_SUREKLI_ISLEM
203,bist,TSKB.E,1709017253946860092,1709017253946860092,782936958551857876,7829370530416960897,B,8.010,100,8.030,21050,8.010,4044,P_SUREKLI_ISLEM
204,bist,TSKB.E,1709017253946860092,1709017253946860092,782936958551857877,7829370530417007094,B,8.010,15,8.030,21050,8.010,4029,P_SUREKLI_ISLEM
205,bist,TSKB.E,1709017253946860092,1709017253946860092,782936958551857878,7829370530417011382,B,8.010,1,8.030,21050,8.010,4028,P_SUREKLI_ISLEM
206,bist,TSKB.E,1709017253946860092,1709017253946860092,782936958551857879,7829370530417081273,B,8.010,50,8.030,21050,8.010,3978,P_SUREKLI_ISLEM
207,bist,TSKB.E,1709017253946860092,1709017253946860092,782936958551857880,7829370530417131647,B,8.010,111,8.030,21050,8.010,3867,P_SUREKLI_ISLEM
208,bist,TSKB.E,1709017253946860092,1709017253946860092,782936958551857881,7829370530417332040,B,8.010,1000,8.030,21050,8.010,2867,P_SUREKLI_ISLEM
209,bist,TSKB.E,1709017253946860092,1709017253946860092,782936958551857882,7829370530417334350,B,8.010,851,8.030,21050,8.010,2016,P_SUREKLI_ISLEM
210,bist,TSKB.E,1709017253946860092,1709017253946860092,782936958551857883,7829370530417367228,B,8.010,995,8.030,21050,8.010,1021,P_SUREKLI_ISLEM
211,bist,TSKB.E,1709017253946860092,1709017253946860092,782936958551857884,7829370530417391545,B,8.010,20,8.030,21050,8.010,1001,P_SUREKLI_ISLEM
212,bist,TSKB.E,1709017253946860092,1709017253946860092,782936958551857885,7829370530417446519,B,8.010,248,8.030,21050,8.010,753,P_SUREKLI_ISLEM
213,bist,TSKB.E,1709017253946860092,1709017253946860092,782936958551857886,7829370530417455016,B,8.010,753,8.030,21050,8.000,68301,P_SUREKLI_ISLEM
214,bist,TSKB.E,1709017253947064394,1709017253947064394,782936958551857887,7829370530417472035,S,8.010,19968,8.030,21050,8.000,64727,P_SUREKLI_ISLEM
215,bist,TSKB.E,1709017253947445999,1709017253947445999,782936958551857889,7829370530416936196,B,8.000,30,8.020,12386,8.000,53745,P_SUREKLI_ISLEM
216,bist,TSKB.E,1709017254716309605,1709017254716309605,782936958551860578,7829370530416936196,B,8.000,29,8.020,13061,8.000,53716,P_SUREKLI_ISLEM
217,bist,TSKB.E,1709017255367457445,1709017255367457445,782936958551860777,7829370530417472071,S,8.020,125,8.020,22010,8.000,53716,P_SUREKLI_ISLEM
218,bist,TSKB.E,1709017262958262725,1709017262958262725,782936958551862058,7829370530417472071,S,8.020,14,8.020,21996,8.000,53017,P_SUREKLI_ISLEM
219,bist,TSKB.E,1709017263921435359,1709017263921435359,782936958551862240,7829370530416936196,B,8.000,24941,8.020,22729,8.000,28076,P_SUREKLI_ISLEM
220,bist,TSKB.E,1709017263921435359,1709017263921435359,782936958551862241,7829370530416936736,B,8.000,18,8.020,22729,8.000,28058,P_SUREKLI_ISLEM
221,bist,TSKB.E,1709017263921435359,1709017263921435359,782936958551862242,7829370530416938552,B,8.000,250,8.020,22729,8.000,27808,P_SUREKLI_ISLEM
222,bist,TSKB.E,1709017263921435359,1709017263921435359,782936958551862243,7829370530416938812,B,8.000,750,8.020,22729,8.000,27058,P_SUREKLI_ISLEM
223,bist,TSKB.E,1709017263921435359,1709017263921435359,782936958551862244,7829370530416939227,B,8.000,1,8.020,22729,8.000,27057,P_SUREKLI_ISLEM
224,bist,TSKB.E,1709017263921435359,1709017263921435359,782936958551862245,7829370530416939228,B,8.000,1,8.020,22729,8.000,27056,P_SUREKLI_ISLEM
225,bist,TSKB.E,1709017263921435359,1709017263921435359,782936958551862246,7829370530416939234,B,8.000,1,8.020,22729,8.000,27055,P_SUREKLI_ISLEM
226,bist,TSKB.E,1709017263921435359,1709017263921435359,782936958551862247,7829370530416939235,B,8.000,1,8.020,22729,8.000,27054,P_SUREKLI_ISLEM
227,bist,TSKB.E,1709017263921435359,1709017263921435359,782936958551862248,7829370530416939236,B,8.000,1,8.020,22729,8.000,27053,P_SUREKLI_ISLEM
228,bist,TSKB.E,1709017263921435359,1709017263921435359,782936958551862249,7829370530416939237,B,8.000,2,8.020,22729,8.000,27051,P_SUREKLI_ISLEM
229,bist,TSKB.E,1709017263921435359,1709017263921435359,782936958551862250,7829370530416939238,B,8.000,2,8.020,22729,8.000,27049,P_SUREKLI_ISLEM
230,bist,TSKB.E,1709017263921435359,1709017263921435359,782936958551862251,7829370530416939239,B,8.000,2,8.020,22729,8.000,27047,P_SUREKLI_ISLEM
231,bist,TSKB.E,1709017263921435359,1709017263921435359,782936958551862252,7829370530416939240,B,8.000,2,8.020,22729,8.000,27045,P_SUREKLI_ISLEM
232,bist,TSKB.E,1709017263921435359,1709017263921435359,782936958551862253,7829370530416939245,B,8.000,2,8.020,22729,8.000,27043,P_SUREKLI_ISLEM
233,bist,TSKB.E,1709017263921435359,1709017263921435359,782936958551862254,7829370530416939248,B,8.000,3,8.020,22729,8.000,27040,P_SUREKLI_ISLEM
234,bist,TSKB.E,1709017263921435359,1709017263921435359,782936958551862255,7829370530416939249,B,8.000,3,8.020,22729,8.000,27037,P_SUREKLI_ISLEM
235,bist,TSKB.E,1709017263921435359,1709017263921435359,782936958551862256,7829370530416939253,B,8.000,3,8.020,22729,8.000,27034,P_SUREKLI_ISLEM
236,bist,TSKB.E,1709017263921435359,1709017263921435359,782936958551862257,7829370530416939256,B,8.000,3,8.020,22729,8.000,27031,P_SUREKLI_ISLEM
237,bist,TSKB.E,1709017263921435359,1709017263921435359,782936958551862258,7829370530416939257,B,8.000,3,8.020,22729,8.000,27028,P_SUREKLI_ISLEM
238,bist,TSKB.E,1709017263921435359,1709017263921435359,782936958551862259,7829370530416939258,B,8.000,1,8.020,22729,8.000,27027,P_SUREKLI_ISLEM
239,bist,TSKB.E,1709017263921435359,1709017263921435359,782936958551862260,7829370530416939263,B,8.000,1,8.020,22729,8.000,27026,P_SUREKLI_ISLEM
240,bist,TSKB.E,1709017263921435359,1709017263921435359,782936958551862261,7829370530416939269,B,8.000,1,8.020,22729,8.000,27025,P_SUREKLI_ISLEM
241,bist,TSKB.E,1709017263921435359,1709017263921435359,782936958551862262,7829370530416939270,B,8.000,1,8.020,22729,8.000,27024,P_SUREKLI_ISLEM
242,bist,TSKB.E,1709017263921435359,1709017263921435359,782936958551862263,7829370530416939271,B,8.000,1,8.020,22729,8.000,27023,P_SUREKLI_ISLEM
243,bist,TSKB.E,1709017263921435359,1709017263921435359,782936958551862264,7829370530416939272,B,8.000,2,8.020,22729,8.000,27021,P_SUREKLI_ISLEM
244,bist,TSKB.E,1709017263921435359,1709017263921435359,782936958551862265,7829370530416939274,B,8.000,2,8.020,22729,8.000,27019,P_SUREKLI_ISLEM
245,bist,TSKB.E,1709017263921435359,1709017263921435359,782936958551862266,7829370530416939275,B,8.000,2,8.020,22729,8.000,27017,P_SUREKLI_ISLEM
246,bist,TSKB.E,1709017263921435359,1709017263921435359,782936958551862267,7829370530416939276,B,8.000,2,8.020,22729,8.000,27015,P_SUREKLI_ISLEM
247,bist,TSKB.E,1709017263921435359,1709017263921435359,782936958551862268,7829370530416939277,B,8.000,2,8.020,22729,8.000,27013,P_SUREKLI_ISLEM
248,bist,TSKB.E,1709017263921435359,1709017263921435359,782936958551862269,7829370530416939278,B,8.000,3,8.020,22729,8.000,27010,P_SUREKLI_ISLEM
249,bist,TSKB.E,1709017263921435359,1709017263921435359,782936958551862270,7829370530416939279,B,8.000,3,8.020,22729,8.000,27007,P_SUREKLI_ISLEM
250,bist,TSKB.E,1709017263921435359,1709017263921435359,782936958551862271,7829370530416939286,B,8.000,3,8.020,22729,8.000,27004,P_SUREKLI_ISLEM
251,bist,TSKB.E,1709017263921435359,1709017263921435359,782936958551862272,7829370530416939288,B,8.000,3,8.020,22729,8.000,27001,P_SUREKLI_ISLEM
252,bist,TSKB.E,1709017263921435359,1709017263921435359,782936958551862273,7829370530416939289,B,8.000,3,8.020,22729,8.000,26998,P_SUREKLI_ISLEM
253,bist,TSKB.E,1709017263921435359,1709017263921435359,782936958551862274,7829370530416939292,B,8.000,1,8.020,22729,8.000,26997,P_SUREKLI_ISLEM
254,bist,TSKB.E,1709017263921435359,1709017263921435359,782936958551862275,7829370530416939293,B,8.000,1,8.020,22729,8.000,26996,P_SUREKLI_ISLEM
255,bist,TSKB.E,1709017263921435359,1709017263921435359,782936958551862276,7829370530416939294,B,8.000,1,8.020,22729,8.000,26995,P_SUREKLI_ISLEM
256,bist,TSKB.E,1709017263921435359,1709017263921435359,782936958551862277,7829370530416939295,B,8.000,1,8.020,22729,8.000,26994,P_SUREKLI_ISLEM
257,bist,TSKB.E,1709017263921435359,1709017263921435359,782936958551862278,7829370530416939299,B,8.000,1,8.020,22729,8.000,26993,P_SUREKLI_ISLEM
258,bist,TSKB.E,1709017263921435359,1709017263921435359,782936958551862279,7829370530416939300,B,8.000,2,8.020,22729,8.000,26991,P_SUREKLI_ISLEM
259,bist,TSKB.E,1709017263921435359,1709017263921435359,782936958551862280,7829370530416939301,B,8.000,2,8.020,22729,8.000,26989,P_SUREKLI_ISLEM
260,bist,TSKB.E,1709017263921435359,1709017263921435359,782936958551862281,7829370530416939304,B,8.000,2,8.020,22729,8.000,26987,P_SUREKLI_ISLEM
261,bist,TSKB.E,1709017263921435359,1709017263921435359,782936958551862282,7829370530416939305,B,8.000,2,8.020,22729,8.000,26985,P_SUREKLI_ISLEM
262,bist,TSKB.E,1709017263921435359,1709017263921435359,782936958551862283,7829370530416939307,B,8.000,2,8.020,22729,8.000,26983,P_SUREKLI_ISLEM
263,bist,TSKB.E,1709017263921435359,1709017263921435359,782936958551862284,7829370530416939308,B,8.000,3,8.020,22729,8.000,26980,P_SUREKLI_ISLEM
264,bist,TSKB.E,1709017263921435359,1709017263921435359,782936958551862285,7829370530416939309,B,8.000,3,8.020,22729,8.000,26977,P_SUREKLI_ISLEM
265,bist,TSKB.E,1709017263921435359,1709017263921435359,782936958551862286,7829370530416939310,B,8.000,3,8.020,22729,8.000,26974,P_SUREKLI_ISLEM
266,bist,TSKB.E,1709017263921435359,1709017263921435359,782936958551862287,7829370530416939311,B,8.000,3,8.020,22729,8.000,26971,P_SUREKLI_ISLEM
267,bist,TSKB.E,1709017263921435359,1709017263921435359,782936958551862288,7829370530416939312,B,8.000,3,8.020,22729,8.000,26968,P_SUREKLI_ISLEM
268,bist,TSKB.E,1709017263921435359,1709017263921435359,782936958551862289,7829370530416939316,B,8.000,1,8.020,22729,8.000,26967,P_SUREKLI_ISLEM
269,bist,TSKB.E,1709017263921435359,1709017263921435359,782936958551862290,7829370530416939317,B,8.000,2,8.020,22729,8.000,26965,P_SUREKLI_ISLEM
270,bist,TSKB.E,1709017263921435359,1709017263921435359,782936958551862291,7829370530416939318,B,8.000,3,8.020,22729,8.000,26962,P_SUREKLI_ISLEM
271,bist,TSKB.E,1709017263921435359,1709017263921435359,782936958551862292,7829370530416939319,B,8.000,1,8.020,22729,8.000,26961,P_SUREKLI_ISLEM
272,bist,TSKB.E,1709017263921435359,1709017263921435359,782936958551862293,7829370530416939323,B,8.000,1,8.020,22729,8.000,26960,P_SUREKLI_ISLEM
273,bist,TSKB.E,1709017263921435359,1709017263921435359,782936958551862294,7829370530416939324,B,8.000,2,8.020,22729,8.000,26958,P_SUREKLI_ISLEM
274,bist,TSKB.E,1709017263921435359,1709017263921435359,782936958551862295,7829370530416940177,B,8.000,1011,8.020,22729,8.000,25947,P_SUREKLI_ISLEM
275,bist,TSKB.E,1709017263921435359,1709017263921435359,782936958551862296,7829370530416943389,B,8.000,10000,8.020,22729,8.000,15947,P_SUREKLI_ISLEM
276,bist,TSKB.E,1709017263921435359,1709017263921435359,782936958551862297,7829370530416946552,B,8.000,1,8.020,22729,8.000,15946,P_SUREKLI_ISLEM
277,bist,TSKB.E,1709017263921435359,1709017263921435359,782936958551862298,7829370530416947058,B,8.000,1000,8.020,22729,8.000,14946,P_SUREKLI_ISLEM
278,bist,TSKB.E,1709017263921435359,1709017263921435359,782936958551862299,7829370530416948984,B,8.000,129,8.020,22729,8.000,14817,P_SUREKLI_ISLEM
279,bist,TSKB.E,1709017263921435359,1709017263921435359,782936958551862300,7829370530416949652,B,8.000,62,8.020,22729,8.000,14755,P_SUREKLI_ISLEM
280,bist,TSKB.E,1709017263921435359,1709017263921435359,782936958551862301,7829370530416964080,B,8.000,2,8.020,22729,8.000,14753,P_SUREKLI_ISLEM
281,bist,TSKB.E,1709017263921435359,1709017263921435359,782936958551862302,7829370530416968269,B,8.000,31,8.020,22729,8.000,14722,P_SUREKLI_ISLEM
282,bist,TSKB.E,1709017263921435359,1709017263921435359,782936958551862303,7829370530416968588,B,8.000,50,8.020,22729,8.000,14672,P_SUREKLI_ISLEM
283,bist,TSKB.E,1709017263921435359,1709017263921435359,782936958551862304,7829370530416973520,B,8.000,51,8.020,22729,8.000,14621,P_SUREKLI_ISLEM
284,bist,TSKB.E,1709017263921435359,1709017263921435359,782936958551862305,7829370530416981280,B,8.000,4,8.020,22729,8.000,14617,P_SUREKLI_ISLEM
285,bist,TSKB.E,1709017263921435359,1709017263921435359,782936958551862306,7829370530416991315,B,8.000,200,8.020,22729,8.000,14417,P_SUREKLI_ISLEM
286,bist,TSKB.E,1709017263921435359,1709017263921435359,782936958551862307,7829370530416993110,B,8.000,25,8.020,22729,8.000,14392,P_SUREKLI_ISLEM
287,bist,TSKB.E,1709017263921435359,1709017263921435359,782936958551862308,7829370530416996177,B,8.000,3,8.020,22729,8.000,14389,P_SUREKLI_ISLEM
288,bist,TSKB.E,1709017263921435359,1709017263921435359,782936958551862309,7829370530416997893,B,8.000,4,8.020,22729,8.000,14385,P_SUREKLI_ISLEM
289,bist,TSKB.E,1709017263921435359,1709017263921435359,782936958551862310,7829370530417005779,B,8.000,1250,8.020,22729,8.000,13135,P_SUREKLI_ISLEM
290,bist,TSKB.E,1709017263921435359,1709017263921435359,782936958551862311,7829370530417009150,B,8.000,35,8.020,22729,8.000,13100,P_SUREKLI_ISLEM
291,bist,TSKB.E,1709017263921435359,1709017263921435359,782936958551862312,7829370530417011062,B,8.000,1400,8.020,22729,8.000,11700,P_SUREKLI_ISLEM
292,bist,TSKB.E,1709017263921435359,1709017263921435359,782936958551862313,7829370530417011385,B,8.000,1,8.020,22729,8.000,11699,P_SUREKLI_ISLEM
293,bist,TSKB.E,1709017263921435359,1709017263921435359,782936958551862314,7829370530417013013,B,8.000,26,8.020,22729,8.000,11673,P_SUREKLI_ISLEM
294,bist,TSKB.E,1709017263921435359,1709017263921435359,782936958551862315,7829370530417015388,B,8.000,500,8.020,22729,8.000,11173,P_SUREKLI_ISLEM
295,bist,TSKB.E,1709017263921435359,1709017263921435359,782936958551862316,7829370530417020883,B,8.000,100,8.020,22729,8.000,11073,P_SUREKLI_ISLEM
296,bist,TSKB.E,1709017263921435359,1709017263921435359,782936958551862317,7829370530417022004,B,8.000,250,8.020,22729,8.000,10823,P_SUREKLI_ISLEM
297,bist,TSKB.E,1709017263921435359,1709017263921435359,782936958551862318,7829370530417022055,B,8.000,10,8.020,22729,8.000,10813,P_SUREKLI_ISLEM
298,bist,TSKB.E,1709017263921435359,1709017263921435359,782936958551862319,7829370530417023227,B,8.000,8,8.020,22729,8.000,10805,P_SUREKLI_ISLEM
299,bist,TSKB.E,1709017263921435359,1709017263921435359,782936958551862320,7829370530417024237,B,8.000,3,8.020,22729,8.000,10802,P_SUREKLI_ISLEM
300,bist,TSKB.E,1709017263921435359,1709017263921435359,782936958551862321,7829370530417027536,B,8.000,10,8.020,22729,8.000,10792,P_SUREKLI_ISLEM
301,bist,TSKB.E,1709017263921435359,1709017263921435359,782936958551862322,7829370530417030338,B,8.000,10,8.020,22729,8.000,10782,P_SUREKLI_ISLEM
302,bist,TSKB.E,1709017263921435359,1709017263921435359,782936958551862323,7829370530417032896,B,8.000,1000,8.020,22729,8.000,9782,P_SUREKLI_ISLEM
303,bist,TSKB.E,1709017263921435359,1709017263921435359,782936958551862324,7829370530417069837,B,8.000,1000,8.020,22729,8.000,8782,P_SUREKLI_ISLEM
304,bist,TSKB.E,1709017263921435359,1709017263921435359,782936958551862325,7829370530417086248,B,8.000,50,8.020,22729,8.000,8732,P_SUREKLI_ISLEM
305,bist,TSKB.E,1709017263921435359,1709017263921435359,782936958551862326,7829370530417089149,B,8.000,5,8.020,22729,8.000,8727,P_SUREKLI_ISLEM
306,bist,TSKB.E,1709017263921435359,1709017263921435359,782936958551862327,7829370530417092500,B,8.000,6,8.020,22729,8.000,8721,P_SUREKLI_ISLEM
307,bist,TSKB.E,1709017263921435359,1709017263921435359,782936958551862328,7829370530417133214,B,8.000,111,8.020,22729,8.000,8610,P_SUREKLI_ISLEM
308,bist,TSKB.E,1709017263921435359,1709017263921435359,782936958551862329,7829370530417138706,B,8.000,5,8.020,22729,8.000,8605,P_SUREKLI_ISLEM
309,bist,TSKB.E,1709017263921435359,1709017263921435359,782936958551862330,7829370530417339447,B,8.000,5000,8.020,22729,8.000,3605,P_SUREKLI_ISLEM
310,bist,TSKB.E,1709017263921435359,1709017263921435359,782936958551862331,7829370530417367229,B,8.000,588,8.020,22729,8.000,3017,P_SUREKLI_ISLEM
311,bist,TSKB.E,1709017263921855656,1709017263921855656,782936958551862333,7829370530417367229,B,8.000,407,8.020,22729,8.000,2610,P_SUREKLI_ISLEM
312,bist,TSKB.E,1709017263921855656,1709017263921855656,782936958551862334,7829370530417383299,B,8.000,400,8.020,22729,8.000,2210,P_SUREKLI_ISLEM
313,bist,TSKB.E,1709017263921855656,1709017263921855656,782936958551862335,7829370530417386776,B,8.000,60,8.020,22729,8.000,2150,P_SUREKLI_ISLEM
314,bist,TSKB.E,1709017263921855656,1709017263921855656,782936958551862336,7829370530417391535,B,8.000,20,8.020,22729,8.000,2130,P_SUREKLI_ISLEM
315,bist,TSKB.E,1709017263921855656,1709017263921855656,782936958551862337,7829370530417442490,B,8.000,178,8.020,22729,8.000,1952,P_SUREKLI_ISLEM
316,bist,TSKB.E,1709017263921855656,1709017263921855656,782936958551862338,7829370530417454981,B,8.000,759,8.020,22729,8.000,1193,P_SUREKLI_ISLEM
317,bist,TSKB.E,1709017263921855656,1709017263921855656,782936958551862339,7829370530417455020,B,8.000,248,8.020,22729,8.000,945,P_SUREKLI_ISLEM
318,bist,TSKB.E,1709017263921855656,1709017263921855656,782936958551862340,7829370530417472094,B,8.000,945,8.020,22729,7.990,27312,P_SUREKLI_ISLEM
319,bist,TSKB.E,1709017265111330615,1709017265111330615,782936958551862507,7829370530417492057,S,8.010,39,8.010,11136,7.990,26356,P_SUREKLI_ISLEM
320,bist,TSKB.E,1709017265111521950,1709017265111521950,782936958551862509,7829370530416934100,B,7.990,28,8.010,12841,7.990,15282,P_SUREKLI_ISLEM
321,bist,TSKB.E,1709017265167750636,1709017265167750636,782936958551862542,7829370530417492057,S,8.010,311,8.010,12530,7.990,15282,P_SUREKLI_ISLEM
322,bist,TSKB.E,1709017265763296378,1709017265763296378,782936958551862628,7829370530417496866,S,8.000,873,8.010,19182,7.990,11112,P_SUREKLI_ISLEM
323,bist,TSKB.E,1709017265763415188,1709017265763415188,782936958551862629,7829370530416934100,B,7.990,30,8.000,23850,7.990,10140,P_SUREKLI_ISLEM
324,bist,TSKB.E,1709017277790662807,1709017277790662807,782936958551864897,7829370530417373663,S,8.000,5000,8.000,26671,7.990,11286,P_SUREKLI_ISLEM
325,bist,TSKB.E,1709017280066836572,1709017280066836572,782936958551865262,7829370530416934100,B,7.990,8,8.000,26671,7.990,11278,P_SUREKLI_ISLEM
326,bist,TSKB.E,1709017282234719328,1709017282234719328,782936958551865614,7829370530417373663,S,8.000,10000,8.000,16671,7.990,13278,P_SUREKLI_ISLEM
327,bist,TSKB.E,1709017282912842768,1709017282912842768,782936958551865697,7829370530416934100,B,7.990,284,8.000,15798,7.990,12994,P_SUREKLI_ISLEM
328,bist,TSKB.E,1709017282912842768,1709017282912842768,782936958551865698,7829370530416937043,B,7.990,150,8.000,15798,7.990,12844,P_SUREKLI_ISLEM
329,bist,TSKB.E,1709017282912842768,1709017282912842768,782936958551865699,7829370530416938813,B,7.990,750,8.000,15798,7.990,12094,P_SUREKLI_ISLEM
330,bist,TSKB.E,1709017282912842768,1709017282912842768,782936958551865700,7829370530416945091,B,7.990,5000,8.000,15798,7.990,7094,P_SUREKLI_ISLEM
331,bist,TSKB.E,1709017282912842768,1709017282912842768,782936958551865701,7829370530416948716,B,7.990,20,8.000,15798,7.990,7074,P_SUREKLI_ISLEM
332,bist,TSKB.E,1709017282912842768,1709017282912842768,782936958551865702,7829370530416948990,B,7.990,130,8.000,15798,7.990,6944,P_SUREKLI_ISLEM
333,bist,TSKB.E,1709017282912842768,1709017282912842768,782936958551865703,7829370530417007212,B,7.990,20,8.000,15798,7.990,6924,P_SUREKLI_ISLEM
334,bist,TSKB.E,1709017282912842768,1709017282912842768,782936958551865704,7829370530417008172,B,7.990,4,8.000,15798,7.990,6920,P_SUREKLI_ISLEM
335,bist,TSKB.E,1709017282912842768,1709017282912842768,782936958551865705,7829370530417008660,B,7.990,8,8.000,15798,7.990,6912,P_SUREKLI_ISLEM
336,bist,TSKB.E,1709017282912842768,1709017282912842768,782936958551865706,7829370530417011386,B,7.990,2,8.000,15798,7.990,6910,P_SUREKLI_ISLEM
337,bist,TSKB.E,1709017282912842768,1709017282912842768,782936958551865707,7829370530417089607,B,7.990,75,8.000,15798,7.990,6835,P_SUREKLI_ISLEM
338,bist,TSKB.E,1709017282912842768,1709017282912842768,782936958551865708,7829370530417135288,B,7.990,111,8.000,15798,7.990,6724,P_SUREKLI_ISLEM
339,bist,TSKB.E,1709017282912842768,1709017282912842768,782936958551865709,7829370530417142710,B,7.990,1500,8.000,15798,7.990,5224,P_SUREKLI_ISLEM
340,bist,TSKB.E,1709017282912842768,1709017282912842768,782936958551865710,7829370530417338943,B,7.990,200,8.000,15798,7.990,5024,P_SUREKLI_ISLEM
341,bist,TSKB.E,1709017282912842768,1709017282912842768,782936958551865711,7829370530417350894,B,7.990,25,8.000,15798,7.990,4999,P_SUREKLI_ISLEM
342,bist,TSKB.E,1709017282912842768,1709017282912842768,782936958551865712,7829370530417391517,B,7.990,20,8.000,15798,7.990,4979,P_SUREKLI_ISLEM
343,bist,TSKB.E,1709017282912842768,1709017282912842768,782936958551865713,7829370530417472069,B,7.990,962,8.000,15798,7.990,4017,P_SUREKLI_ISLEM
344,bist,TSKB.E,1709017282912842768,1709017282912842768,782936958551865714,7829370530417516265,B,7.990,1000,8.000,15798,7.990,3017,P_SUREKLI_ISLEM
345,bist,TSKB.E,1709017282912842768,1709017282912842768,782936958551865715,7829370530417518868,B,7.990,1017,8.000,15798,7.990,2000,P_SUREKLI_ISLEM
346,bist,TSKB.E,1709017282912842768,1709017282912842768,782936958551865716,7829370530417526518,B,7.990,1000,8.000,15798,7.990,1000,P_SUREKLI_ISLEM
347,bist,TSKB.E,1709017282912842768,1709017282912842768,782936958551865717,7829370530417527974,B,7.990,1000,8.000,15798,7.980,52752,P_SUREKLI_ISLEM
348,bist,TSKB.E,1709017282912842768,1709017282912842768,782936958551865718,7829370530416938814,B,7.980,750,8.000,15798,7.980,52002,P_SUREKLI_ISLEM
349,bist,TSKB.E,1709017282912842768,1709017282912842768,782936958551865719,7829370530416943202,B,7.980,25000,8.000,15798,7.980,27002,P_SUREKLI_ISLEM
350,bist,TSKB.E,1709017282912842768,1709017282912842768,782936958551865720,7829370530416945093,B,7.980,5000,8.000,15798,7.980,22002,P_SUREKLI_ISLEM
351,bist,TSKB.E,1709017282912842768,1709017282912842768,782936958551865721,7829370530416948992,B,7.980,131,8.000,15798,7.980,21871,P_SUREKLI_ISLEM
352,bist,TSKB.E,1709017282912842768,1709017282912842768,782936958551865722,7829370530416969800,B,7.980,75,8.000,15798,7.980,21796,P_SUREKLI_ISLEM
353,bist,TSKB.E,1709017282912842768,1709017282912842768,782936958551865723,7829370530416983918,B,7.980,6,8.000,15798,7.980,21790,P_SUREKLI_ISLEM
354,bist,TSKB.E,1709017282912842768,1709017282912842768,782936958551865724,7829370530417003976,B,7.980,200,8.000,15798,7.980,21590,P_SUREKLI_ISLEM
355,bist,TSKB.E,1709017282912842768,1709017282912842768,782936958551865725,7829370530417004092,B,7.980,939,8.000,15798,7.980,20651,P_SUREKLI_ISLEM
356,bist,TSKB.E,1709017282912842768,1709017282912842768,782936958551865726,7829370530417011391,B,7.980,2,8.000,15798,7.980,20649,P_SUREKLI_ISLEM
357,bist,TSKB.E,1709017282912842768,1709017282912842768,782936958551865727,7829370530417018708,B,7.980,10,8.000,15798,7.980,20639,P_SUREKLI_ISLEM
358,bist,TSKB.E,1709017282912842768,1709017282912842768,782936958551865728,7829370530417038590,B,7.980,100,8.000,15798,7.980,20539,P_SUREKLI_ISLEM
359,bist,TSKB.E,1709017282912842768,1709017282912842768,782936958551865729,7829370530417091238,B,7.980,75,8.000,15798,7.980,20464,P_SUREKLI_ISLEM
360,bist,TSKB.E,1709017282912842768,1709017282912842768,782936958551865730,7829370530417347120,B,7.980,25,8.000,15798,7.980,20439,P_SUREKLI_ISLEM
361,bist,TSKB.E,1709017282912842768,1709017282912842768,782936958551865731,7829370530417367231,B,7.980,995,8.000,15798,7.980,19444,P_SUREKLI_ISLEM
362,bist,TSKB.E,1709017282912842768,1709017282912842768,782936958551865732,7829370530417391493,B,7.980,20,8.000,15798,7.980,19424,P_SUREKLI_ISLEM
363,bist,TSKB.E,1709017282912842768,1709017282912842768,782936958551865733,7829370530417472038,B,7.980,3081,8.000,15798,7.980,16343,P_SUREKLI_ISLEM
364,bist,TSKB.E,1709017282912842768,1709017282912842768,782936958551865734,7829370530417472047,B,7.980,3425,8.000,15798,7.980,12918,P_SUREKLI_ISLEM
365,bist,TSKB.E,1709017282912842768,1709017282912842768,782936958551865735,7829370530417474803,B,7.980,646,8.000,15798,7.980,12272,P_SUREKLI_ISLEM
366,bist,TSKB.E,1709017282912842768,1709017282912842768,782936958551865736,7829370530417492043,B,7.980,972,8.000,15798,7.980,11300,P_SUREKLI_ISLEM
367,bist,TSKB.E,1709017282912842768,1709017282912842768,782936958551865737,7829370530417492077,B,7.980,708,8.000,15798,7.980,10592,P_SUREKLI_ISLEM
368,bist,TSKB.E,1709017282912842768,1709017282912842768,782936958551865738,7829370530417494762,B,7.980,747,8.000,15798,7.980,9845,P_SUREKLI_ISLEM
369,bist,TSKB.E,1709017282912842768,1709017282912842768,782936958551865739,7829370530417518851,B,7.980,9820,8.000,15798,7.980,25,P_SUREKLI_ISLEM
370,bist,TSKB.E,1709017282912842768,1709017282912842768,782936958551865740,7829370530417522544,B,7.980,25,8.000,15798,7.970,67367,P_SUREKLI_ISLEM
371,bist,TSKB.E,1709017282913197893,1709017282913197893,782936958551865748,7829370530417529725,S,7.980,13970,8.000,15798,7.970,67367,P_SUREKLI_ISLEM
372,bist,TSKB.E,1709017282914859856,1709017282914859856,782936958551865760,7829370530417529792,S,7.990,28,7.990,736,7.980,12847,P_SUREKLI_ISLEM
373,bist,TSKB.E,1709017282915104234,1709017282915104234,782936958551865761,7829370530417529792,S,7.990,736,8.000,31613,7.980,32847,P_SUREKLI_ISLEM
374,bist,TSKB.E,1709017283041809760,1709017283041809760,782936958551865816,7829370530417529875,B,7.990,2,8.000,17539,7.990,4850,P_SUREKLI_ISLEM
375,bist,TSKB.E,1709017286149974313,1709017286149974313,782936958551866257,7829370530417529875,B,7.990,355,8.000,20539,7.990,6024,P_SUREKLI_ISLEM
376,bist,TSKB.E,1709017288207670488,1709017288207670488,782936958551866610,7829370530417373663,S,8.000,150,8.000,20389,7.990,6024,P_SUREKLI_ISLEM
377,bist,TSKB.E,1709017288541253005,1709017288541253005,782936958551867133,7829370530417529875,B,7.990,3507,8.000,20389,7.990,2517,P_SUREKLI_ISLEM
378,bist,TSKB.E,1709017288541253005,1709017288541253005,782936958551867134,7829370530417529895,B,7.990,988,8.000,20389,7.990,1529,P_SUREKLI_ISLEM
379,bist,TSKB.E,1709017288541253005,1709017288541253005,782936958551867135,7829370530417530812,B,7.990,500,8.000,20389,7.990,1029,P_SUREKLI_ISLEM
380,bist,TSKB.E,1709017288541253005,1709017288541253005,782936958551867136,7829370530417531628,B,7.990,1000,8.000,20389,7.990,29,P_SUREKLI_ISLEM
381,bist,TSKB.E,1709017288541253005,1709017288541253005,782936958551867137,7829370530417532454,B,7.990,29,8.000,20389,7.980,48026,P_SUREKLI_ISLEM
382,bist,TSKB.E,1709017288542050019,1709017288542050019,782936958551867140,7829370530417541385,B,7.990,8000,8.000,20389,7.990,17000,P_SUREKLI_ISLEM
383,bist,TSKB.E,1709017288542073891,1709017288542073891,782936958551867141,7829370530417541386,B,7.990,17000,8.000,20389,7.980,38008,P_SUREKLI_ISLEM
384,bist,TSKB.E,1709017290085963797,1709017290085963797,782936958551867440,7829370530417373663,S,8.000,100,8.000,20289,7.980,38008,P_SUREKLI_ISLEM
385,bist,TSKB.E,1709017291587415043,1709017291587415043,782936958551867730,7829370530417549867,B,7.990,375,8.000,20289,7.980,48160,P_SUREKLI_ISLEM
386,bist,TSKB.E,1709017293064772502,1709017293064772502,782936958551868023,7829370530417373663,S,8.000,1000,8.000,19289,7.980,38008,P_SUREKLI_ISLEM
387,bist,TSKB.E,1709017295807708107,1709017295807708107,782936958551868568,7829370530417560312,S,7.990,5000,8.000,24289,7.980,43008,P_SUREKLI_ISLEM
388,bist,TSKB.E,1709017295904276368,1709017295904276368,782936958551868573,7829370530417529794,B,7.980,4678,8.000,25251,7.980,38082,P_SUREKLI_ISLEM
389,bist,TSKB.E,1709017296064060152,1709017296064060152,782936958551868615,7829370530417560394,S,7.990,2,7.990,4998,7.980,38082,P_SUREKLI_ISLEM
390,bist,TSKB.E,1709017297796513856,1709017297796513856,782936958551868869,7829370530417564558,B,7.990,10000,8.000,25251,7.990,5000,P_SUREKLI_ISLEM
391,bist,TSKB.E,1709017300670742470,1709017300670742470,782936958551869396,7829370530417373663,S,8.000,200,8.000,25051,7.990,6000,P_SUREKLI_ISLEM
392,bist,TSKB.E,1709017303697101108,1709017303697101108,782936958551870072,7829370530417564566,B,7.990,1000,8.000,25051,7.990,5500,P_SUREKLI_ISLEM
393,bist,TSKB.E,1709017308305169019,1709017308305169019,782936958551870958,7829370530417571554,B,7.990,1000,8.000,26924,7.990,1938,P_SUREKLI_ISLEM
394,bist,TSKB.E,1709017308305169019,1709017308305169019,782936958551870959,7829370530417578369,B,7.990,500,8.000,26924,7.990,1438,P_SUREKLI_ISLEM
395,bist,TSKB.E,1709017308305169019,1709017308305169019,782936958551870960,7829370530417591596,B,7.990,1000,8.000,26924,7.990,438,P_SUREKLI_ISLEM
396,bist,TSKB.E,1709017308305169019,1709017308305169019,782936958551870961,7829370530417592421,B,7.990,438,8.000,26924,7.980,50074,P_SUREKLI_ISLEM
397,bist,TSKB.E,1709017308864015537,1709017308864015537,782936958551871070,7829370530417594290,B,7.990,342,8.000,26924,7.980,50246,P_SUREKLI_ISLEM
398,bist,TSKB.E,1709017309352927194,1709017309352927194,782936958551871202,7829370530417373663,S,8.000,143,8.000,26781,7.980,39830,P_SUREKLI_ISLEM
399,bist,TSKB.E,1709017310646901529,1709017310646901529,782936958551871432,7829370530417601787,S,7.990,95,8.000,26781,7.980,39830,P_SUREKLI_ISLEM
400,bist,TSKB.E,1709017311168626010,1709017311168626010,782936958551871494,7829370530417373663,S,8.000,100,8.000,26681,7.980,39582,P_SUREKLI_ISLEM
401,bist,TSKB.E,1709017313986450200,1709017313986450200,782936958551871935,7829370530417373663,S,8.000,2,8.000,26679,7.980,39582,P_SUREKLI_ISLEM
402,bist,TSKB.E,1709017314195453252,1709017314195453252,782936958551871994,7829370530417373663,S,8.000,312,8.000,26367,7.980,39582,P_SUREKLI_ISLEM
403,bist,TSKB.E,1709017316693320943,1709017316693320943,782936958551872434,7829370530417615864,B,7.990,10000,8.000,26367,7.980,39582,P_SUREKLI_ISLEM
404,bist,TSKB.E,1709017317308778926,1709017317308778926,782936958551872545,7829370530417617356,B,7.990,1000,8.000,26367,7.980,50373,P_SUREKLI_ISLEM
405,bist,TSKB.E,1709017319783837115,1709017319783837115,782936958551872865,7829370530417373663,S,8.000,6843,8.000,19524,7.980,50373,P_SUREKLI_ISLEM
406,bist,TSKB.E,1709017319783837115,1709017319783837115,782936958551872866,7829370530417496920,S,8.000,658,8.000,18866,7.980,50373,P_SUREKLI_ISLEM
407,bist,TSKB.E,1709017319783837115,1709017319783837115,782936958551872867,7829370530417504977,S,8.000,4874,8.000,13992,7.980,50373,P_SUREKLI_ISLEM
408,bist,TSKB.E,1709017320195940165,1709017320195940165,782936958551872922,7829370530417622329,B,7.990,5000,8.000,28632,7.980,50373,P_SUREKLI_ISLEM
409,bist,TSKB.E,1709017320360782465,1709017320360782465,782936958551872962,7829370530417624688,S,7.990,5000,8.000,29229,7.980,39830,P_SUREKLI_ISLEM
410,bist,TSKB.E,1709017322814083117,1709017322814083117,782936958551873582,7829370530417627314,B,7.990,100,8.000,28980,7.990,4900,P_SUREKLI_ISLEM
411,bist,TSKB.E,1709017322814294817,1709017322814294817,782936958551873583,7829370530417633072,S,7.990,3500,8.000,29921,7.980,39830,P_SUREKLI_ISLEM
412,bist,TSKB.E,1709017322826555095,1709017322826555095,782936958551873591,7829370530417633154,B,7.990,5000,8.000,29921,7.980,37126,P_SUREKLI_ISLEM
413,bist,TSKB.E,1709017323297944902,1709017323297944902,782936958551873774,7829370530417504977,S,8.000,29,8.000,29892,7.980,37374,P_SUREKLI_ISLEM
414,bist,TSKB.E,1709017324387687403,1709017324387687403,782936958551873964,7829370530417529794,B,7.980,178,8.000,29892,7.980,37221,P_SUREKLI_ISLEM
415,bist,TSKB.E,1709017325553461359,1709017325553461359,782936958551874138,7829370530417640172,B,7.990,150,8.000,29892,7.980,47596,P_SUREKLI_ISLEM
416,bist,TSKB.E,1709017326763838011,1709017326763838011,782936958551874305,7829370530417504977,S,8.000,50,8.000,29842,7.980,37221,P_SUREKLI_ISLEM
417,bist,TSKB.E,1709017330072148205,1709017330072148205,782936958551875014,7829370530417648115,B,7.990,1,8.000,29842,7.980,49708,P_SUREKLI_ISLEM
418,bist,TSKB.E,1709017330349203694,1709017330349203694,782936958551875134,7829370530417504977,S,8.000,100,8.000,29742,7.980,49708,P_SUREKLI_ISLEM
419,bist,TSKB.E,1709017330451081985,1709017330451081985,782936958551875140,7829370530417504977,S,8.000,712,8.000,29030,7.980,49708,P_SUREKLI_ISLEM
420,bist,TSKB.E,1709017330451081985,1709017330451081985,782936958551875141,7829370530417506639,S,8.000,525,8.000,28505,7.980,49708,P_SUREKLI_ISLEM
421,bist,TSKB.E,1709017330451081985,1709017330451081985,782936958551875142,7829370530417533418,S,8.000,3000,8.000,25505,7.980,49708,P_SUREKLI_ISLEM
422,bist,TSKB.E,1709017330451081985,1709017330451081985,782936958551875143,7829370530417560308,S,8.000,763,8.000,24742,7.980,49708,P_SUREKLI_ISLEM
423,bist,TSKB.E,1709017330451316096,1709017330451316096,782936958551875144,7829370530417649235,B,7.990,6123,8.000,23996,7.980,49708,P_SUREKLI_ISLEM
424,bist,TSKB.E,1709017342956496792,1709017342956496792,782936958551878008,7829370530417560308,S,8.000,4237,8.000,17856,7.990,17104,P_SUREKLI_ISLEM
425,bist,TSKB.E,1709017342956496792,1709017342956496792,782936958551878009,7829370530417583958,S,8.000,1363,8.000,16493,7.990,17104,P_SUREKLI_ISLEM
426,bist,TSKB.E,1709017342956537842,1709017342956537842,782936958551878010,7829370530417583958,S,8.000,510,8.000,15983,7.990,17104,P_SUREKLI_ISLEM
427,bist,TSKB.E,1709017342956537842,1709017342956537842,782936958551878011,7829370530417624192,S,8.000,13090,8.000,2893,7.990,17104,P_SUREKLI_ISLEM
428,bist,TSKB.E,1709017342956610837,1709017342956610837,782936958551878012,7829370530417624192,S,8.000,2296,8.000,597,7.990,17104,P_SUREKLI_ISLEM
429,bist,TSKB.E,1709017342956610837,1709017342956610837,782936958551878013,7829370530417624201,S,8.000,597,8.010,26901,7.990,17104,P_SUREKLI_ISLEM
430,bist,TSKB.E,1709017344155856553,1709017344155856553,782936958551878262,7829370530417650028,B,7.990,48,8.010,21095,7.990,28603,P_SUREKLI_ISLEM
431,bist,TSKB.E,1709017344996008736,1709017344996008736,782936958551878398,7829370530417675962,B,8.000,6123,8.010,20331,7.990,31282,P_SUREKLI_ISLEM
432,bist,TSKB.E,1709017350764841714,1709017350764841714,782936958551879124,7829370530417492067,S,8.010,29,8.010,11666,8.000,8261,P_SUREKLI_ISLEM
433,bist,TSKB.E,1709017350764917709,1709017350764917709,782936958551879125,7829370530417677507,B,8.000,150,8.010,11666,8.000,8111,P_SUREKLI_ISLEM
434,bist,TSKB.E,1709017350764917709,1709017350764917709,782936958551879126,7829370530417679622,B,8.000,1000,8.010,11666,8.000,7111,P_SUREKLI_ISLEM
435,bist,TSKB.E,1709017350764917709,1709017350764917709,782936958551879127,7829370530417681433,B,8.000,6123,8.010,11666,8.000,988,P_SUREKLI_ISLEM
436,bist,TSKB.E,1709017350764917709,1709017350764917709,782936958551879128,7829370530417681857,B,8.000,988,8.010,11666,7.990,37875,P_SUREKLI_ISLEM
437,bist,TSKB.E,1709017350765068841,1709017350765068841,782936958551879129,7829370530417492109,S,8.010,30,8.010,6701,7.990,37875,P_SUREKLI_ISLEM
438,bist,TSKB.E,1709017365066059167,1709017365066059167,782936958551881377,7829370530417492109,S,8.010,701,8.010,6000,8.000,15937,P_SUREKLI_ISLEM
439,bist,TSKB.E,1709017365066059167,1709017365066059167,782936958551881378,7829370530417560309,S,8.010,5000,8.010,1000,8.000,15937,P_SUREKLI_ISLEM
440,bist,TSKB.E,1709017365066059167,1709017365066059167,782936958551881379,7829370530417573745,S,8.010,1000,8.020,29717,8.000,15937,P_SUREKLI_ISLEM
441,bist,TSKB.E,1709017365066271708,1709017365066271708,782936958551881380,7829370530417714906,B,8.010,3299,8.020,13155,8.000,15937,P_SUREKLI_ISLEM
442,bist,TSKB.E,1709017368906494295,1709017368906494295,782936958551881850,7829370530417715525,S,8.010,600,8.010,5523,8.000,17046,P_SUREKLI_ISLEM
443,bist,TSKB.E,1709017374581979797,1709017374581979797,782936958551882827,7829370530417690071,B,8.000,123,8.010,5523,8.000,19423,P_SUREKLI_ISLEM
444,bist,TSKB.E,1709017375463318959,1709017375463318959,782936958551882960,7829370530417690071,B,8.000,93,8.010,5523,8.000,19330,P_SUREKLI_ISLEM
445,bist,TSKB.E,1709017376217619256,1709017376217619256,782936958551883114,7829370530417734376,B,8.010,9000,8.020,12204,8.000,33607,P_SUREKLI_ISLEM
446,bist,TSKB.E,1709017376593570185,1709017376593570185,782936958551883183,7829370530417735801,S,8.010,1,8.020,10599,8.000,27211,P_SUREKLI_ISLEM
447,bist,TSKB.E,1709017378398312822,1709017378398312822,782936958551883535,7829370530417739632,B,8.010,2,8.020,10599,8.000,38526,P_SUREKLI_ISLEM
448,bist,TSKB.E,1709017379406250085,1709017379406250085,782936958551883661,7829370530417741059,B,8.010,2,8.020,10599,8.000,38526,P_SUREKLI_ISLEM
449,bist,TSKB.E,1709017381402349692,1709017381402349692,782936958551884037,7829370530417690071,B,8.000,29,8.010,6123,8.000,20276,P_SUREKLI_ISLEM
450,bist,TSKB.E,1709017381413418169,1709017381413418169,782936958551884039,7829370530417690071,B,8.000,522,8.010,6123,8.000,19754,P_SUREKLI_ISLEM
451,bist,TSKB.E,1709017381413418169,1709017381413418169,782936958551884040,7829370530417690718,B,8.000,4000,8.010,6123,8.000,15754,P_SUREKLI_ISLEM
452,bist,TSKB.E,1709017381413418169,1709017381413418169,782936958551884041,7829370530417694965,B,8.000,20,8.010,6123,8.000,15734,P_SUREKLI_ISLEM
453,bist,TSKB.E,1709017381413418169,1709017381413418169,782936958551884042,7829370530417695008,B,8.000,40,8.010,6123,8.000,15694,P_SUREKLI_ISLEM
454,bist,TSKB.E,1709017381413418169,1709017381413418169,782936958551884043,7829370530417697724,B,8.000,10,8.010,6123,8.000,15684,P_SUREKLI_ISLEM
455,bist,TSKB.E,1709017381413418169,1709017381413418169,782936958551884044,7829370530417572915,B,8.000,500,8.010,6123,8.000,15184,P_SUREKLI_ISLEM
456,bist,TSKB.E,1709017381413418169,1709017381413418169,782936958551884045,7829370530417714589,B,8.000,1673,8.010,6123,8.000,13511,P_SUREKLI_ISLEM
457,bist,TSKB.E,1709017381804818383,1709017381804818383,782936958551884096,7829370530417743172,S,8.010,7,8.010,6116,8.000,13511,P_SUREKLI_ISLEM
458,bist,TSKB.E,1709017382041094462,1709017382041094462,782936958551884131,7829370530417714589,B,8.000,1000,8.010,6116,8.000,12511,P_SUREKLI_ISLEM
459,bist,TSKB.E,1709017385202973212,1709017385202973212,782936958551884716,7829370530417743172,S,8.010,5800,8.010,316,8.000,12513,P_SUREKLI_ISLEM
460,bist,TSKB.E,1709017385203074901,1709017385203074901,782936958551884717,7829370530417743172,S,8.010,316,8.020,14414,8.000,12513,P_SUREKLI_ISLEM
461,bist,TSKB.E,1709017390909279995,1709017390909279995,782936958551885658,7829370530417472076,S,8.020,1,8.020,14433,8.000,13399,P_SUREKLI_ISLEM
462,bist,TSKB.E,1709017398096156909,1709017398096156909,782936958551887067,7829370530417770783,B,8.010,150,8.020,14433,8.000,16344,P_SUREKLI_ISLEM
463,bist,TSKB.E,1709017400971911860,1709017400971911860,782936958551887385,7829370530417773849,B,8.010,5,8.020,27933,8.000,16464,P_SUREKLI_ISLEM
464,bist,TSKB.E,1709017404844158676,1709017404844158676,782936958551887982,7829370530417777759,S,8.010,1,8.010,6122,8.000,16464,P_SUREKLI_ISLEM
465,bist,TSKB.E,1709017409226748386,1709017409226748386,782936958551888605,7829370530417714589,B,8.000,500,8.010,6122,8.000,15964,P_SUREKLI_ISLEM
466,bist,TSKB.E,1709017414010427837,1709017414010427837,782936958551889218,7829370530417714589,B,8.000,6827,8.010,19622,8.000,7393,P_SUREKLI_ISLEM
467,bist,TSKB.E,1709017414010427837,1709017414010427837,782936958551889219,7829370530417714932,B,8.000,537,8.010,19622,8.000,6856,P_SUREKLI_ISLEM
468,bist,TSKB.E,1709017414010427837,1709017414010427837,782936958551889220,7829370530417718962,B,8.000,150,8.010,19622,8.000,6706,P_SUREKLI_ISLEM
469,bist,TSKB.E,1709017414010427837,1709017414010427837,782936958551889221,7829370530417720532,B,8.000,5,8.010,19622,8.000,6701,P_SUREKLI_ISLEM
470,bist,TSKB.E,1709017414010427837,1709017414010427837,782936958551889222,7829370530417730937,B,8.000,2500,8.010,19622,8.000,4201,P_SUREKLI_ISLEM
471,bist,TSKB.E,1709017414010427837,1709017414010427837,782936958551889223,7829370530417734387,B,8.000,248,8.010,19622,8.000,3953,P_SUREKLI_ISLEM
472,bist,TSKB.E,1709017414010427837,1709017414010427837,782936958551889224,7829370530417696351,B,8.000,2,8.010,19622,8.000,3951,P_SUREKLI_ISLEM
473,bist,TSKB.E,1709017414010427837,1709017414010427837,782936958551889225,7829370530417750529,B,8.000,881,8.010,19622,8.000,3070,P_SUREKLI_ISLEM
474,bist,TSKB.E,1709017414010427837,1709017414010427837,782936958551889226,7829370530417753654,B,8.000,5,8.010,19622,8.000,3065,P_SUREKLI_ISLEM
475,bist,TSKB.E,1709017414010427837,1709017414010427837,782936958551889227,7829370530417764626,B,8.000,2136,8.010,19622,8.000,929,P_SUREKLI_ISLEM
476,bist,TSKB.E,1709017414010427837,1709017414010427837,782936958551889228,7829370530417766360,B,8.000,684,8.010,19622,8.000,245,P_SUREKLI_ISLEM
477,bist,TSKB.E,1709017414010427837,1709017414010427837,782936958551889229,7829370530417767114,B,8.000,125,8.010,19622,8.000,120,P_SUREKLI_ISLEM
478,bist,TSKB.E,1709017414010427837,1709017414010427837,782936958551889230,7829370530417771057,B,8.000,20,8.010,19622,8.000,100,P_SUREKLI_ISLEM
479,bist,TSKB.E,1709017414010427837,1709017414010427837,782936958551889231,7829370530417771158,B,8.000,100,8.010,19622,7.990,68486,P_SUREKLI_ISLEM
480,bist,TSKB.E,1709017414010575039,1709017414010575039,782936958551889232,7829370530417789592,S,8.000,780,8.010,19622,7.990,68486,P_SUREKLI_ISLEM
481,bist,TSKB.E,1709017415346892625,1709017415346892625,782936958551889350,7829370530417777759,S,8.010,39,8.010,21089,8.000,6123,P_SUREKLI_ISLEM
482,bist,TSKB.E,1709017416665253178,1709017416665253178,782936958551889517,7829370530417777759,S,8.010,1000,8.010,20089,8.000,6123,P_SUREKLI_ISLEM
483,bist,TSKB.E,1709017417978965727,1709017417978965727,782936958551889690,7829370530417777759,S,8.010,5083,8.010,13500,8.000,7059,P_SUREKLI_ISLEM
484,bist,TSKB.E,1709017417978965727,1709017417978965727,782936958551889691,7829370530417478052,S,8.010,13500,8.020,26304,8.000,7059,P_SUREKLI_ISLEM
485,bist,TSKB.E,1709017417979038221,1709017417979038221,782936958551889692,7829370530417794276,B,8.010,1417,8.020,26304,8.000,7059,P_SUREKLI_ISLEM
486,bist,TSKB.E,1709017420324073713,1709017420324073713,782936958551890015,7829370530417797270,S,8.010,5,8.010,106,8.000,7908,P_SUREKLI_ISLEM
487,bist,TSKB.E,1709017421461149518,1709017421461149518,782936958551890187,7829370530417797270,S,8.010,106,8.020,50558,8.000,7908,P_SUREKLI_ISLEM
488,bist,TSKB.E,1709017421461295949,1709017421461295949,782936958551890188,7829370530417799824,B,8.010,94,8.020,50558,8.000,7908,P_SUREKLI_ISLEM
489,bist,TSKB.E,1709017425411833587,1709017425411833587,782936958551890874,7829370530417805493,S,8.010,1000,8.020,50573,8.000,108968,P_SUREKLI_ISLEM
490,bist,TSKB.E,1709017427314982129,1709017427314982129,782936958551891159,7829370530417808257,S,8.010,500,8.020,50573,8.000,109565,P_SUREKLI_ISLEM
491,bist,TSKB.E,1709017432181208119,1709017432181208119,782936958551891878,7829370530417812362,B,8.010,500,8.020,51319,8.000,109565,P_SUREKLI_ISLEM
492,bist,TSKB.E,1709017432450871244,1709017432450871244,782936958551891917,7829370530417814579,S,8.010,1387,8.020,51319,8.000,109565,P_SUREKLI_ISLEM
493,bist,TSKB.E,1709017434582784868,1709017434582784868,782936958551892383,7829370530417816869,S,8.010,6123,8.020,51319,8.000,109565,P_SUREKLI_ISLEM
494,bist,TSKB.E,1709017435876941104,1709017435876941104,782936958551892617,7829370530417816948,S,8.010,2,8.020,51319,8.000,109565,P_SUREKLI_ISLEM
495,bist,TSKB.E,1709017435877016461,1709017435877016461,782936958551892618,7829370530417819276,B,8.010,9998,8.020,51319,8.000,109565,P_SUREKLI_ISLEM
496,bist,TSKB.E,1709017436116025223,1709017436116025223,782936958551892643,7829370530417819604,S,8.010,6123,8.020,51319,8.000,108629,P_SUREKLI_ISLEM
497,bist,TSKB.E,1709017436424124240,1709017436424124240,782936958551892708,7829370530417819622,S,8.010,100,8.010,1668,8.000,107569,P_SUREKLI_ISLEM
498,bist,TSKB.E,1709017436738907482,1709017436738907482,782936958551892737,7829370530417819622,S,8.010,712,8.010,956,8.000,107569,P_SUREKLI_ISLEM
499,bist,TSKB.E,1709017436738907482,1709017436738907482,782936958551892738,7829370530417819624,S,8.010,956,8.020,46319,8.000,107569,P_SUREKLI_ISLEM
500,bist,TSKB.E,1709017436738993424,1709017436738993424,782936958551892739,7829370530417820333,B,8.010,6156,8.020,46319,8.010,9876,P_SUREKLI_ISLEM
501,bist,TSKB.E,1709017436739033585,1709017436739033585,782936958551892740,7829370530417820333,B,8.010,2176,8.020,46319,8.010,13700,P_SUREKLI_ISLEM
502,bist,TSKB.E,1709017436739033585,1709017436739033585,782936958551892741,7829370530417820337,B,8.010,6156,8.020,46319,8.010,7544,P_SUREKLI_ISLEM
503,bist,TSKB.E,1709017436739188922,1709017436739188922,782936958551892742,7829370530417820337,B,8.010,1544,8.020,38393,8.010,12000,P_SUREKLI_ISLEM
504,bist,TSKB.E,1709017436739188922,1709017436739188922,782936958551892743,7829370530417820349,B,8.010,6000,8.020,38393,8.010,6000,P_SUREKLI_ISLEM
505,bist,TSKB.E,1709017436739211742,1709017436739211742,782936958551892744,7829370530417820362,B,8.010,6000,8.020,39473,8.000,116891,P_SUREKLI_ISLEM
506,bist,TSKB.E,1709017437604083247,1709017437604083247,782936958551892859,7829370530417821425,S,8.010,6123,8.020,39473,8.000,108733,P_SUREKLI_ISLEM
507,bist,TSKB.E,1709017440347763947,1709017440347763947,782936958551893174,7829370530417821433,S,8.010,15,8.010,970,8.000,108753,P_SUREKLI_ISLEM
508,bist,TSKB.E,1709017440668092977,1709017440668092977,782936958551893213,7829370530417821433,S,8.010,970,8.020,39473,8.000,108753,P_SUREKLI_ISLEM
509,bist,TSKB.E,1709017440668158444,1709017440668158444,782936958551893214,7829370530417827052,B,8.010,153,8.020,39473,8.000,108753,P_SUREKLI_ISLEM
510,bist,TSKB.E,1709017444534426315,1709017444534426315,782936958551893969,7829370530417472076,S,8.020,250,8.020,39223,8.010,56,P_SUREKLI_ISLEM
511,bist,TSKB.E,1709017445084282955,1709017445084282955,782936958551894061,7829370530417830304,B,8.010,56,8.020,40488,8.000,111457,P_SUREKLI_ISLEM
512,bist,TSKB.E,1709017450994897266,1709017450994897266,782936958551894938,7829370530417849035,S,8.010,500,8.020,40488,8.000,111457,P_SUREKLI_ISLEM
513,bist,TSKB.E,1709017450995009213,1709017450995009213,782936958551894943,7829370530417849039,S,8.010,1094,8.010,1018,8.000,111457,P_SUREKLI_ISLEM
514,bist,TSKB.E,1709017450995009213,1709017450995009213,782936958551894944,7829370530417849045,S,8.010,1018,8.020,40488,8.000,111457,P_SUREKLI_ISLEM
515,bist,TSKB.E,1709017450995081799,1709017450995081799,782936958551894946,7829370530417849050,B,8.010,2888,8.020,40488,8.000,111457,P_SUREKLI_ISLEM
516,bist,TSKB.E,1709017450995195034,1709017450995195034,782936958551894947,7829370530417849063,B,8.010,300,8.020,40488,8.010,2500,P_SUREKLI_ISLEM
517,bist,TSKB.E,1709017450995225747,1709017450995225747,782936958551894948,7829370530417849067,B,8.010,300,8.020,40488,8.010,2200,P_SUREKLI_ISLEM
518,bist,TSKB.E,1709017450995234075,1709017450995234075,782936958551894949,7829370530417849067,B,8.010,2200,8.020,40488,8.000,111457,P_SUREKLI_ISLEM
519,bist,TSKB.E,1709017450995315830,1709017450995315830,782936958551894950,7829370530417849083,B,8.010,500,8.020,40488,8.000,111457,P_SUREKLI_ISLEM
520,bist,TSKB.E,1709017451209977218,1709017451209977218,782936958551894975,7829370530417849363,B,8.010,4000,8.020,40488,8.000,111457,P_SUREKLI_ISLEM
521,bist,TSKB.E,1709017452930111862,1709017452930111862,782936958551895264,7829370530417472076,S,8.020,71,8.020,40417,8.000,120029,P_SUREKLI_ISLEM
522,bist,TSKB.E,1709017456102529480,1709017456102529480,782936958551895707,7829370530417856078,S,8.010,3750,8.020,40528,8.000,108753,P_SUREKLI_ISLEM
523,bist,TSKB.E,1709017456102880815,1709017456102880815,782936958551895712,7829370530417856091,S,8.010,828,8.010,1062,8.000,108753,P_SUREKLI_ISLEM
524,bist,TSKB.E,1709017456102880815,1709017456102880815,782936958551895713,7829370530417856092,S,8.010,1062,8.020,49101,8.000,108753,P_SUREKLI_ISLEM
525,bist,TSKB.E,1709017456102974481,1709017456102974481,782936958551895714,7829370530417856122,B,8.010,6110,8.020,40528,8.000,108753,P_SUREKLI_ISLEM
526,bist,TSKB.E,1709017456103132660,1709017456103132660,782936958551895715,7829370530417856146,B,8.010,2500,8.020,40528,8.000,108753,P_SUREKLI_ISLEM
527,bist,TSKB.E,1709017465072498977,1709017465072498977,782936958551897125,7829370530417867521,S,8.010,6123,8.020,40528,8.000,117163,P_SUREKLI_ISLEM
528,bist,TSKB.E,1709017465374192068,1709017465374192068,782936958551897164,7829370530417867537,S,8.010,100,8.010,1965,8.000,108753,P_SUREKLI_ISLEM
529,bist,TSKB.E,1709017465427457918,1709017465427457918,782936958551897172,7829370530417867537,S,8.010,20,8.010,1945,8.000,108753,P_SUREKLI_ISLEM
530,bist,TSKB.E,1709017466922838795,1709017466922838795,782936958551897345,7829370530417867537,S,8.010,400,8.010,1545,8.000,108753,P_SUREKLI_ISLEM
531,bist,TSKB.E,1709017466922901833,1709017466922901833,782936958551897346,7829370530417867537,S,8.010,465,8.010,1080,8.000,108753,P_SUREKLI_ISLEM
532,bist,TSKB.E,1709017466922901833,1709017466922901833,782936958551897347,7829370530417867538,S,8.010,1080,8.020,52906,8.000,108753,P_SUREKLI_ISLEM
533,bist,TSKB.E,1709017467833025335,1709017467833025335,782936958551897481,7829370530417472076,S,8.020,100,8.020,44139,8.000,108753,P_SUREKLI_ISLEM
534,bist,TSKB.E,1709017471077622707,1709017471077622707,782936958551897884,7829370530417472076,S,8.020,449,8.020,43690,8.000,108753,P_SUREKLI_ISLEM
535,bist,TSKB.E,1709017471077622707,1709017471077622707,782936958551897885,7829370530417472084,S,8.020,962,8.020,42728,8.000,108753,P_SUREKLI_ISLEM
536,bist,TSKB.E,1709017471077622707,1709017471077622707,782936958551897886,7829370530417472120,S,8.020,675,8.020,42053,8.000,108753,P_SUREKLI_ISLEM
537,bist,TSKB.E,1709017471077622707,1709017471077622707,782936958551897887,7829370530417496930,S,8.020,138,8.020,41915,8.000,108753,P_SUREKLI_ISLEM
538,bist,TSKB.E,1709017471077622707,1709017471077622707,782936958551897888,7829370530417584428,S,8.020,1000,8.020,40915,8.000,108753,P_SUREKLI_ISLEM
539,bist,TSKB.E,1709017471077622707,1709017471077622707,782936958551897889,7829370530417590285,S,8.020,20,8.020,40895,8.000,108753,P_SUREKLI_ISLEM
540,bist,TSKB.E,1709017471077622707,1709017471077622707,782936958551897890,7829370530417706192,S,8.020,1187,8.020,39708,8.000,108753,P_SUREKLI_ISLEM
541,bist,TSKB.E,1709017471077622707,1709017471077622707,782936958551897891,7829370530417745510,S,8.020,569,8.020,39139,8.000,108753,P_SUREKLI_ISLEM
542,bist,TSKB.E,1709017472378742523,1709017472378742523,782936958551898112,7829370530417878471,S,8.010,6123,8.020,39943,8.000,117646,P_SUREKLI_ISLEM
543,bist,TSKB.E,1709017472378849989,1709017472378849989,782936958551898113,7829370530417789606,B,8.000,29,8.010,1958,8.000,108724,P_SUREKLI_ISLEM
544,bist,TSKB.E,1709017472378961813,1709017472378961813,782936958551898114,7829370530417789606,B,8.000,30,8.010,1958,8.000,108694,P_SUREKLI_ISLEM
545,bist,TSKB.E,1709017480978475898,1709017480978475898,782936958551899286,7829370530417789606,B,8.000,64,8.010,4371,8.000,111130,P_SUREKLI_ISLEM
546,bist,TSKB.E,1709017481040976849,1709017481040976849,782936958551899288,7829370530417878483,S,8.010,20,8.010,4351,8.000,111130,P_SUREKLI_ISLEM
547,bist,TSKB.E,1709017488839351649,1709017488839351649,782936958551900657,7829370530417878483,S,8.010,920,8.010,6105,8.000,112130,P_SUREKLI_ISLEM
548,bist,TSKB.E,1709017488839351649,1709017488839351649,782936958551900658,7829370530417878484,S,8.010,1018,8.010,5087,8.000,112130,P_SUREKLI_ISLEM
549,bist,TSKB.E,1709017488839351649,1709017488839351649,782936958551900659,7829370530417880472,S,8.010,2413,8.010,2674,8.000,112130,P_SUREKLI_ISLEM
550,bist,TSKB.E,1709017488839351649,1709017488839351649,782936958551900660,7829370530417890463,S,8.010,143,8.010,2531,8.000,112130,P_SUREKLI_ISLEM
551,bist,TSKB.E,1709017490936227360,1709017490936227360,782936958551901013,7829370530417789606,B,8.000,8,8.010,5387,8.000,112122,P_SUREKLI_ISLEM
552,bist,TSKB.E,1709017502780502497,1709017502780502497,782936958551903232,7829370530417789606,B,8.000,500,8.010,2007,8.000,111164,P_SUREKLI_ISLEM
553,bist,TSKB.E,1709017511296152514,1709017511296152514,782936958551904804,7829370530417789606,B,8.000,4000,8.010,6365,8.000,107169,P_SUREKLI_ISLEM
554,bist,TSKB.E,1709017513303315695,1709017513303315695,782936958551905125,7829370530417905583,S,8.010,20,8.010,6345,8.000,107705,P_SUREKLI_ISLEM
555,bist,TSKB.E,1709017520384219410,1709017520384219410,782936958551906360,7829370530417789606,B,8.000,1,8.010,15013,8.000,107764,P_SUREKLI_ISLEM
556,bist,TSKB.E,1709017521358105433,1709017521358105433,782936958551906482,7829370530417789606,B,8.000,1491,8.010,48655,8.000,106273,P_SUREKLI_ISLEM
557,bist,TSKB.E,1709017521358105433,1709017521358105433,782936958551906483,7829370530417794278,B,8.000,601,8.010,48655,8.000,105672,P_SUREKLI_ISLEM
558,bist,TSKB.E,1709017521358105433,1709017521358105433,782936958551906484,7829370530417794288,B,8.000,248,8.010,48655,8.000,105424,P_SUREKLI_ISLEM
559,bist,TSKB.E,1709017521358105433,1709017521358105433,782936958551906485,7829370530417803778,B,8.000,100000,8.010,48655,8.000,5424,P_SUREKLI_ISLEM
560,bist,TSKB.E,1709017521358105433,1709017521358105433,782936958551906486,7829370530417820657,B,8.000,100,8.010,48655,8.000,5324,P_SUREKLI_ISLEM
561,bist,TSKB.E,1709017521358105433,1709017521358105433,782936958551906487,7829370530417825534,B,8.000,20,8.010,48655,8.000,5304,P_SUREKLI_ISLEM
562,bist,TSKB.E,1709017521358105433,1709017521358105433,782936958551906488,7829370530417888113,B,8.000,2500,8.010,48655,8.000,2804,P_SUREKLI_ISLEM
563,bist,TSKB.E,1709017521358105433,1709017521358105433,782936958551906489,7829370530417901938,B,8.000,1000,8.010,48655,8.000,1804,P_SUREKLI_ISLEM
564,bist,TSKB.E,1709017521358105433,1709017521358105433,782936958551906490,7829370530417906968,B,8.000,124,8.010,48655,8.000,1680,P_SUREKLI_ISLEM
565,bist,TSKB.E,1709017521358105433,1709017521358105433,782936958551906491,7829370530417919495,B,8.000,1,8.010,48655,8.000,1679,P_SUREKLI_ISLEM
566,bist,TSKB.E,1709017521358105433,1709017521358105433,782936958551906492,7829370530417926358,B,8.000,14,8.010,48655,8.000,1665,P_SUREKLI_ISLEM
567,bist,TSKB.E,1709017521358105433,1709017521358105433,782936958551906493,7829370530417938496,B,8.000,5,8.010,48655,8.000,1660,P_SUREKLI_ISLEM
568,bist,TSKB.E,1709017521358105433,1709017521358105433,782936958551906494,7829370530417952253,B,8.000,1500,8.010,48655,8.000,160,P_SUREKLI_ISLEM
569,bist,TSKB.E,1709017521358105433,1709017521358105433,782936958551906495,7829370530417954062,B,8.000,100,8.010,48655,8.000,60,P_SUREKLI_ISLEM
570,bist,TSKB.E,1709017521358105433,1709017521358105433,782936958551906496,7829370530417959523,B,8.000,60,8.010,48655,7.990,80495,P_SUREKLI_ISLEM
571,bist,TSKB.E,1709017523503033525,1709017523503033525,782936958551906986,7829370530417905583,S,8.010,5,8.010,50933,7.990,75518,P_SUREKLI_ISLEM
572,bist,TSKB.E,1709017526368699952,1709017526368699952,782936958551907367,7829370530417977187,B,8.000,29,8.010,50933,7.990,75518,P_SUREKLI_ISLEM
573,bist,TSKB.E,1709017530764865800,1709017530764865800,782936958551907988,7829370530417650028,B,7.990,28,8.000,641,7.990,73832,P_SUREKLI_ISLEM
574,bist,TSKB.E,1709017532525293910,1709017532525293910,782936958551908290,7829370530417983169,S,8.000,5,8.000,8299,7.990,72896,P_SUREKLI_ISLEM
575,bist,TSKB.E,1709017538797619072,1709017538797619072,782936958551909188,7829370530417983169,S,8.000,1,8.000,18993,7.990,72896,P_SUREKLI_ISLEM
576,bist,TSKB.E,1709017542748884515,1709017542748884515,782936958551909750,7829370530417983169,S,8.000,12,8.000,41343,7.990,73046,P_SUREKLI_ISLEM
577,bist,TSKB.E,1709017542748884515,1709017542748884515,782936958551909751,7829370530417983195,S,8.000,8,8.000,41335,7.990,73046,P_SUREKLI_ISLEM
578,bist,TSKB.E,1709017544685588669,1709017544685588669,782936958551910008,7829370530417983195,S,8.000,5,8.000,42262,7.990,73046,P_SUREKLI_ISLEM
579,bist,TSKB.E,1709017548110405066,1709017548110405066,782936958551910612,7829370530417983195,S,8.000,160,8.000,42102,7.990,73051,P_SUREKLI_ISLEM
580,bist,TSKB.E,1709017548110405066,1709017548110405066,782936958551910613,7829370530417983196,S,8.000,340,8.000,41762,7.990,73051,P_SUREKLI_ISLEM
581,bist,TSKB.E,1709017549199468217,1709017549199468217,782936958551910713,7829370530417983196,S,8.000,5,8.000,42505,7.990,73051,P_SUREKLI_ISLEM
582,bist,TSKB.E,1709017556740527378,1709017556740527378,782936958551911585,7829370530417983196,S,8.000,105,8.000,42400,7.990,73439,P_SUREKLI_ISLEM
583,bist,TSKB.E,1709017556740527378,1709017556740527378,782936958551911586,7829370530417984550,S,8.000,195,8.000,42205,7.990,73439,P_SUREKLI_ISLEM
584,bist,TSKB.E,1709017563238927754,1709017563238927754,782936958551912446,7829370530417989096,S,8.000,5500,8.000,33514,7.990,73439,P_SUREKLI_ISLEM
585,bist,TSKB.E,1709017563396924764,1709017563396924764,782936958551912469,7829370530417989096,S,8.000,10,8.000,23511,7.990,73439,P_SUREKLI_ISLEM
586,bist,TSKB.E,1709017565077612474,1709017565077612474,782936958551912721,7829370530417989096,S,8.000,1000,8.000,23511,7.990,73439,P_SUREKLI_ISLEM
587,bist,TSKB.E,1709017566518828296,1709017566518828296,782936958551913245,7829370530417989096,S,8.000,98,8.000,23413,7.990,73439,P_SUREKLI_ISLEM
588,bist,TSKB.E,1709017567013752056,1709017567013752056,782936958551913315,7829370530417989096,S,8.000,1,8.000,23412,7.990,73439,P_SUREKLI_ISLEM
589,bist,TSKB.E,1709017569754587999,1709017569754587999,782936958551913709,7829370530417989096,S,8.000,2,8.000,26910,7.990,73459,P_SUREKLI_ISLEM
590,bist,TSKB.E,1709017572523045517,1709017572523045517,782936958551914152,7829370530417989096,S,8.000,5,8.000,27050,7.990,73459,P_SUREKLI_ISLEM
591,bist,TSKB.E,1709017574157529100,1709017574157529100,782936958551914590,7829370530417989096,S,8.000,100,8.000,28554,7.990,73459,P_SUREKLI_ISLEM
592,bist,TSKB.E,1709017577892715185,1709017577892715185,782936958551915292,7829370530417989096,S,8.000,1000,8.000,27554,7.990,73459,P_SUREKLI_ISLEM
593,bist,TSKB.E,1709017578210408378,1709017578210408378,782936958551915356,7829370530417989096,S,8.000,40,8.000,27514,7.990,73459,P_SUREKLI_ISLEM
594,bist,TSKB.E,1709017583566069633,1709017583566069633,782936958551916131,7829370530417989096,S,8.000,2039,8.000,25475,7.990,73559,P_SUREKLI_ISLEM
595,bist,TSKB.E,1709017583566069633,1709017583566069633,782936958551916132,7829370530417991897,S,8.000,461,8.000,25014,7.990,73559,P_SUREKLI_ISLEM
596,bist,TSKB.E,1709017588752292277,1709017588752292277,782936958551916932,7829370530417991897,S,8.000,5,8.000,21651,7.990,73599,P_SUREKLI_ISLEM
597,bist,TSKB.E,1709017589354845776,1709017589354845776,782936958551917014,7829370530417991897,S,8.000,3,8.000,21648,7.990,73599,P_SUREKLI_ISLEM
598,bist,TSKB.E,1709017589416841955,1709017589416841955,782936958551917026,7829370530417991897,S,8.000,431,8.000,21217,7.990,73599,P_SUREKLI_ISLEM
599,bist,TSKB.E,1709017589416841955,1709017589416841955,782936958551917027,7829370530417995536,S,8.000,569,8.000,20648,7.990,73599,P_SUREKLI_ISLEM
600,bist,TSKB.E,1709017589756751496,1709017589756751496,782936958551917115,7829370530417995536,S,8.000,1000,8.000,19648,7.990,73599,P_SUREKLI_ISLEM
601,bist,TSKB.E,1709017593045352477,1709017593045352477,782936958551917598,7829370530417995536,S,8.000,29,8.000,19619,7.990,73599,P_SUREKLI_ISLEM
602,bist,TSKB.E,1709017595957148205,1709017595957148205,782936958551918037,7829370530417995536,S,8.000,1,8.000,19618,7.990,73599,P_SUREKLI_ISLEM
603,bist,TSKB.E,1709017597174048338,1709017597174048338,782936958551918215,7829370530417998612,S,8.000,3087,8.000,8848,7.990,73599,P_SUREKLI_ISLEM
604,bist,TSKB.E,1709017597174048338,1709017597174048338,782936958551918216,7829370530418003352,S,8.000,932,8.000,7916,7.990,73599,P_SUREKLI_ISLEM
605,bist,TSKB.E,1709017597174048338,1709017597174048338,782936958551918217,7829370530418009963,S,8.000,748,8.000,7168,7.990,73599,P_SUREKLI_ISLEM
606,bist,TSKB.E,1709017597174048338,1709017597174048338,782936958551918218,7829370530418020562,S,8.000,36,8.000,7132,7.990,73599,P_SUREKLI_ISLEM
607,bist,TSKB.E,1709017597174048338,1709017597174048338,782936958551918219,7829370530418020563,S,8.000,883,8.000,6249,7.990,73599,P_SUREKLI_ISLEM
608,bist,TSKB.E,1709017597174048338,1709017597174048338,782936958551918220,7829370530418032576,S,8.000,1000,8.000,5249,7.990,73599,P_SUREKLI_ISLEM
609,bist,TSKB.E,1709017597174048338,1709017597174048338,782936958551918221,7829370530417771284,S,8.000,3500,8.000,1749,7.990,73599,P_SUREKLI_ISLEM
610,bist,TSKB.E,1709017597174048338,1709017597174048338,782936958551918222,7829370530418047706,S,8.000,145,8.000,1604,7.990,73599,P_SUREKLI_ISLEM
611,bist,TSKB.E,1709017597174048338,1709017597174048338,782936958551918223,7829370530418050129,S,8.000,769,8.000,835,7.990,73599,P_SUREKLI_ISLEM
612,bist,TSKB.E,1709017597174048338,1709017597174048338,782936958551918224,7829370530418050130,S,8.000,835,8.010,59236,7.990,73599,P_SUREKLI_ISLEM
613,bist,TSKB.E,1709017597174048338,1709017597174048338,782936958551918225,7829370530417905583,S,8.010,1015,8.010,58221,7.990,73599,P_SUREKLI_ISLEM
614,bist,TSKB.E,1709017597174048338,1709017597174048338,782936958551918226,7829370530417905584,S,8.010,967,8.010,57254,7.990,73599,P_SUREKLI_ISLEM
615,bist,TSKB.E,1709017597174048338,1709017597174048338,782936958551918227,7829370530417934115,S,8.010,1000,8.010,56254,7.990,73599,P_SUREKLI_ISLEM
616,bist,TSKB.E,1709017597174048338,1709017597174048338,782936958551918228,7829370530417970118,S,8.010,25000,8.010,31254,7.990,73599,P_SUREKLI_ISLEM
617,bist,TSKB.E,1709017597174048338,1709017597174048338,782936958551918229,7829370530417970131,S,8.010,12000,8.010,19254,7.990,73599,P_SUREKLI_ISLEM
618,bist,TSKB.E,1709017597174048338,1709017597174048338,782936958551918230,7829370530417970149,S,8.010,716,8.010,18538,7.990,73599,P_SUREKLI_ISLEM
619,bist,TSKB.E,1709017597174048338,1709017597174048338,782936958551918231,7829370530417970175,S,8.010,551,8.010,17987,7.990,73599,P_SUREKLI_ISLEM
620,bist,TSKB.E,1709017597174048338,1709017597174048338,782936958551918232,7829370530417971997,S,8.010,616,8.010,17371,7.990,73599,P_SUREKLI_ISLEM
621,bist,TSKB.E,1709017597174048338,1709017597174048338,782936958551918233,7829370530417983172,S,8.010,686,8.010,16685,7.990,73599,P_SUREKLI_ISLEM
622,bist,TSKB.E,1709017597174048338,1709017597174048338,782936958551918234,7829370530417983197,S,8.010,2630,8.010,14055,7.990,73599,P_SUREKLI_ISLEM
623,bist,TSKB.E,1709017597174048338,1709017597174048338,782936958551918235,7829370530417984392,S,8.010,778,8.010,13277,7.990,73599,P_SUREKLI_ISLEM
624,bist,TSKB.E,1709017597174048338,1709017597174048338,782936958551918236,7829370530417984553,S,8.010,2426,8.010,10851,7.990,73599,P_SUREKLI_ISLEM
625,bist,TSKB.E,1709017597174048338,1709017597174048338,782936958551918237,7829370530417674460,S,8.010,8481,8.010,2370,7.990,73599,P_SUREKLI_ISLEM
626,bist,TSKB.E,1709017597174048338,1709017597174048338,782936958551918238,7829370530418006850,S,8.010,746,8.010,1624,7.990,73599,P_SUREKLI_ISLEM
627,bist,TSKB.E,1709017597174048338,1709017597174048338,782936958551918239,7829370530418011749,S,8.010,1624,8.020,55036,7.990,73599,P_SUREKLI_ISLEM
628,bist,TSKB.E,1709017597175349334,1709017597175349334,782936958551918255,7829370530418092702,B,8.010,52,8.020,55378,8.010,28777,P_SUREKLI_ISLEM
629,bist,TSKB.E,1709017597175693499,1709017597175693499,782936958551918257,7829370530418092702,B,8.010,28777,8.020,55378,8.000,27663,P_SUREKLI_ISLEM
630,bist,TSKB.E,1709017597177450463,1709017597177450463,782936958551918264,7829370530418093058,S,8.010,10660,8.010,11015,8.000,29094,P_SUREKLI_ISLEM
631,bist,TSKB.E,1709017597676610471,1709017597676610471,782936958551918312,7829370530418092788,B,8.000,30,8.010,11015,8.000,40334,P_SUREKLI_ISLEM
632,bist,TSKB.E,1709017600031422037,1709017600031422037,782936958551918584,7829370530418092788,B,8.000,1000,8.010,11015,8.000,48016,P_SUREKLI_ISLEM
633,bist,TSKB.E,1709017600961631171,1709017600961631171,782936958551918674,7829370530418092788,B,8.000,3358,8.010,11015,8.000,44658,P_SUREKLI_ISLEM
634,bist,TSKB.E,1709017605412758833,1709017605412758833,782936958551919158,7829370530418093058,S,8.010,9340,8.010,1675,8.000,44979,P_SUREKLI_ISLEM
635,bist,TSKB.E,1709017605412758833,1709017605412758833,782936958551919159,7829370530418093097,S,8.010,782,8.010,893,8.000,44979,P_SUREKLI_ISLEM
636,bist,TSKB.E,1709017605412758833,1709017605412758833,782936958551919160,7829370530418093098,S,8.010,893,8.020,34356,8.000,44979,P_SUREKLI_ISLEM
637,bist,TSKB.E,1709017605412839907,1709017605412839907,782936958551919161,7829370530418103834,B,8.010,6156,8.020,34356,8.010,22829,P_SUREKLI_ISLEM
638,bist,TSKB.E,1709017605413010203,1709017605413010203,782936958551919162,7829370530418103834,B,8.010,22829,8.020,32307,8.000,46008,P_SUREKLI_ISLEM
639,bist,TSKB.E,1709017605413025020,1709017605413025020,782936958551919163,7829370530418095020,B,8.010,10836,8.020,32307,8.000,46008,P_SUREKLI_ISLEM
640,bist,TSKB.E,1709017613271642072,1709017613271642072,782936958551920456,7829370530418107958,S,8.010,10,8.010,25924,8.000,44567,P_SUREKLI_ISLEM
641,bist,TSKB.E,1709017623690242138,1709017623690242138,782936958551921895,7829370530418107958,S,8.010,5,8.010,40920,8.000,44567,P_SUREKLI_ISLEM
642,bist,TSKB.E,1709017629050757773,1709017629050757773,782936958551922768,7829370530418107958,S,8.010,1000,8.010,39920,8.000,44789,P_SUREKLI_ISLEM
643,bist,TSKB.E,1709017639856149767,1709017639856149767,782936958551924001,7829370530418092788,B,8.000,29,8.010,40120,8.000,45210,P_SUREKLI_ISLEM
644,bist,TSKB.E,1709017641451114021,1709017641451114021,782936958551924189,7829370530418092788,B,8.000,1069,8.010,40120,8.000,44151,P_SUREKLI_ISLEM
645,bist,TSKB.E,1709017644593151999,1709017644593151999,782936958551924668,7829370530418107958,S,8.010,600,8.010,39520,8.000,44151,P_SUREKLI_ISLEM
646,bist,TSKB.E,1709017660097670341,1709017660097670341,782936958551926960,7829370530418107958,S,8.010,998,8.010,49521,8.000,34920,P_SUREKLI_ISLEM
647,bist,TSKB.E,1709017662507050143,1709017662507050143,782936958551927301,7829370530418107958,S,8.010,21387,8.010,28184,8.000,34945,P_SUREKLI_ISLEM
648,bist,TSKB.E,1709017662507050143,1709017662507050143,782936958551927302,7829370530418107959,S,8.010,973,8.010,27211,8.000,34945,P_SUREKLI_ISLEM
649,bist,TSKB.E,1709017662507050143,1709017662507050143,782936958551927303,7829370530418107971,S,8.010,961,8.010,26250,8.000,34945,P_SUREKLI_ISLEM
650,bist,TSKB.E,1709017662507050143,1709017662507050143,782936958551927304,7829370530418129284,S,8.010,1679,8.010,24571,8.000,34945,P_SUREKLI_ISLEM
651,bist,TSKB.E,1709017662507162341,1709017662507162341,782936958551927305,7829370530418129284,S,8.010,13322,8.010,11249,8.000,34945,P_SUREKLI_ISLEM
652,bist,TSKB.E,1709017662507162341,1709017662507162341,782936958551927306,7829370530418145266,S,8.010,200,8.010,11049,8.000,34945,P_SUREKLI_ISLEM
653,bist,TSKB.E,1709017662507162341,1709017662507162341,782936958551927307,7829370530418164859,S,8.010,200,8.010,10849,8.000,34945,P_SUREKLI_ISLEM
654,bist,TSKB.E,1709017662507162341,1709017662507162341,782936958551927308,7829370530418168917,S,8.010,10000,8.010,849,8.000,34945,P_SUREKLI_ISLEM
655,bist,TSKB.E,1709017662507162341,1709017662507162341,782936958551927309,7829370530418195509,S,8.010,799,8.010,50,8.000,34945,P_SUREKLI_ISLEM
656,bist,TSKB.E,1709017662507162341,1709017662507162341,782936958551927310,7829370530418196716,S,8.010,50,8.020,45581,8.000,34945,P_SUREKLI_ISLEM
657,bist,TSKB.E,1709017662507267711,1709017662507267711,782936958551927311,7829370530418201647,B,8.010,1040,8.020,45581,8.010,6623,P_SUREKLI_ISLEM
658,bist,TSKB.E,1709017666926123036,1709017666926123036,782936958551927910,7829370530418201647,B,8.010,100,8.020,28802,8.010,6523,P_SUREKLI_ISLEM
659,bist,TSKB.E,1709017669949532016,1709017669949532016,782936958551928361,7829370530418201647,B,8.010,4500,8.020,27688,8.010,13506,P_SUREKLI_ISLEM
660,bist,TSKB.E,1709017674661902971,1709017674661902971,782936958551929024,7829370530418201647,B,8.010,5,8.020,27688,8.010,13581,P_SUREKLI_ISLEM
661,bist,TSKB.E,1709017675239056005,1709017675239056005,782936958551929128,7829370530418201647,B,8.010,450,8.020,27688,8.010,13131,P_SUREKLI_ISLEM
662,bist,TSKB.E,1709017677370792728,1709017677370792728,782936958551929403,7829370530418201647,B,8.010,150,8.020,27688,8.010,12981,P_SUREKLI_ISLEM
663,bist,TSKB.E,1709017677549709123,1709017677549709123,782936958551929443,7829370530418201647,B,8.010,1,8.020,27688,8.010,12980,P_SUREKLI_ISLEM
664,bist,TSKB.E,1709017682627895678,1709017682627895678,782936958551930167,7829370530417745510,S,8.020,1,8.020,27687,8.010,12980,P_SUREKLI_ISLEM
665,bist,TSKB.E,1709017684414083544,1709017684414083544,782936958551930334,7829370530417745510,S,8.020,101,8.020,27586,8.010,12980,P_SUREKLI_ISLEM
666,bist,TSKB.E,1709017684414083544,1709017684414083544,782936958551930335,7829370530417752989,S,8.020,20,8.020,27566,8.010,12980,P_SUREKLI_ISLEM
667,bist,TSKB.E,1709017684414083544,1709017684414083544,782936958551930336,7829370530417785356,S,8.020,111,8.020,27455,8.010,12980,P_SUREKLI_ISLEM
668,bist,TSKB.E,1709017684414083544,1709017684414083544,782936958551930337,7829370530417797239,S,8.020,4768,8.020,22687,8.010,12980,P_SUREKLI_ISLEM
669,bist,TSKB.E,1709017691716419297,1709017691716419297,782936958551931198,7829370530418201647,B,8.010,150,8.020,22687,8.010,12830,P_SUREKLI_ISLEM
670,bist,TSKB.E,1709017694410139734,1709017694410139734,782936958551931623,7829370530418201647,B,8.010,1267,8.020,25108,8.010,280,P_SUREKLI_ISLEM
671,bist,TSKB.E,1709017694410139734,1709017694410139734,782936958551931624,7829370530418224333,B,8.010,80,8.020,25108,8.010,200,P_SUREKLI_ISLEM
672,bist,TSKB.E,1709017694410139734,1709017694410139734,782936958551931625,7829370530418259090,B,8.010,200,8.020,25108,8.000,59023,P_SUREKLI_ISLEM
673,bist,TSKB.E,1709017696205676812,1709017696205676812,782936958551931882,7829370530418262598,B,8.010,600,8.020,25108,8.010,7063,P_SUREKLI_ISLEM
674,bist,TSKB.E,1709017696754298691,1709017696754298691,782936958551931949,7829370530418262598,B,8.010,100,8.020,25108,8.010,6963,P_SUREKLI_ISLEM
675,bist,TSKB.E,1709017702676609373,1709017702676609373,782936958551932977,7829370530418262598,B,8.010,6963,8.020,25108,8.000,59023,P_SUREKLI_ISLEM
676,bist,TSKB.E,1709017702676905317,1709017702676905317,782936958551932978,7829370530417400767,S,8.010,1517,8.010,883,8.000,47620,P_SUREKLI_ISLEM
677,bist,TSKB.E,1709017702676905317,1709017702676905317,782936958551932979,7829370530418277592,S,8.010,883,8.020,25798,8.000,47620,P_SUREKLI_ISLEM
678,bist,TSKB.E,1709017710345817511,1709017710345817511,782936958551934070,7829370530418277635,B,8.010,2000,8.020,25798,8.010,7289,P_SUREKLI_ISLEM
679,bist,TSKB.E,1709017712073262921,1709017712073262921,782936958551934346,7829370530418277635,B,8.010,329,8.020,25798,8.010,6960,P_SUREKLI_ISLEM
680,bist,TSKB.E,1709017712418885063,1709017712418885063,782936958551934436,7829370530418277635,B,8.010,1000,8.020,25798,8.010,5960,P_SUREKLI_ISLEM
681,bist,TSKB.E,1709017715940721547,1709017715940721547,782936958551934971,7829370530418277635,B,8.010,3000,8.020,25798,8.010,2960,P_SUREKLI_ISLEM
682,bist,TSKB.E,1709017728048507284,1709017728048507284,782936958551936600,7829370530417797239,S,8.020,960,8.020,25207,8.010,10339,P_SUREKLI_ISLEM
