index,exchange,symbol,timestamp,local_timestamp,matchId,orderId,side,price,amount,askPrice,askQty,bidPrice,bidQty,state
0,bist,TSKB.E,1707462000078325446,1707462000078325446,782224475017014417,7822247069458353173,B,8.980,2,8.990,17445,8.980,2798,P_SUREKLI_ISLEM
1,bist,TSKB.E,1707462000078325446,1707462000078325446,782224475017014418,7822247069458379688,B,8.980,2,8.990,17445,8.980,2796,P_SUREKLI_ISLEM
2,bist,TSKB.E,1707462000078325446,1707462000078325446,782224475017014419,7822247069458438876,B,8.980,1546,8.990,17445,8.980,1250,P_SUREKLI_ISLEM
3,bist,TSKB.E,1707462000078325446,1707462000078325446,782224475017014420,7822247069458558962,B,8.980,1250,8.990,17445,8.970,67180,P_SUREKLI_ISLEM
4,bist,TSKB.E,1707462000097177949,1707462000097177949,782224475017014545,7822247069458661194,S,8.980,26,8.980,22150,8.970,68283,P_SUREKLI_ISLEM
5,bist,TSKB.E,1707462000100337820,1707462000100337820,782224475017014579,7822247069458661194,S,8.980,25,8.980,22125,8.970,68283,P_SUREKLI_ISLEM
6,bist,TSKB.E,1707462000106915927,1707462000106915927,782224475017014663,7822247069458379691,B,8.970,4,8.980,22125,8.970,68279,P_SUREKLI_ISLEM
7,bist,TSKB.E,1707462000106915927,1707462000106915927,782224475017014664,7822247069458384533,B,8.970,376,8.980,22125,8.970,67903,P_SUREKLI_ISLEM
8,bist,TSKB.E,1707462000106915927,1707462000106915927,782224475017014665,7822247069458558554,B,8.970,66800,8.980,22125,8.970,1103,P_SUREKLI_ISLEM
9,bist,TSKB.E,1707462000106915927,1707462000106915927,782224475017014666,7822247069458661245,B,8.970,462,8.980,22125,8.970,641,P_SUREKLI_ISLEM
10,bist,TSKB.E,1707462000106915927,1707462000106915927,782224475017014667,7822247069458661325,B,8.970,641,8.980,22125,8.960,6190,P_SUREKLI_ISLEM
11,bist,TSKB.E,1707462000125802435,1707462000125802435,782224475017014740,7822247069458662302,B,8.970,34,8.980,22125,8.970,1366,P_SUREKLI_ISLEM
12,bist,TSKB.E,1707462000149807910,1707462000149807910,782224475017014765,7822247069458662302,B,8.970,1366,8.980,22125,8.960,6694,P_SUREKLI_ISLEM
13,bist,TSKB.E,1707462001807250390,1707462001807250390,782224475017016152,7822247069458661194,S,8.980,111,8.980,22903,8.960,6694,P_SUREKLI_ISLEM
14,bist,TSKB.E,1707462002570136396,1707462002570136396,782224475017016713,7822247069458661194,S,8.980,1,8.980,22902,8.960,6694,P_SUREKLI_ISLEM
15,bist,TSKB.E,1707462002757546838,1707462002757546838,782224475017016886,7822247069458661194,S,8.980,7,8.980,22895,8.960,16694,P_SUREKLI_ISLEM
16,bist,TSKB.E,1707462002836248603,1707462002836248603,782224475017016994,7822247069458661194,S,8.980,250,8.980,22645,8.970,250,P_SUREKLI_ISLEM
17,bist,TSKB.E,1707462002886206655,1707462002886206655,782224475017017117,7822247069458661194,S,8.980,2,8.980,22643,8.970,250,P_SUREKLI_ISLEM
18,bist,TSKB.E,1707462003144803482,1707462003144803482,782224475017017390,7822247069458661194,S,8.980,60,8.980,22583,8.970,250,P_SUREKLI_ISLEM
19,bist,TSKB.E,1707462003144803482,1707462003144803482,782224475017017391,7822247069458661223,S,8.980,90,8.980,22493,8.970,250,P_SUREKLI_ISLEM
20,bist,TSKB.E,1707462003144902878,1707462003144902878,782224475017017392,7822247069458661223,S,8.980,25,8.980,22468,8.970,250,P_SUREKLI_ISLEM
21,bist,TSKB.E,1707462003186050468,1707462003186050468,782224475017017425,7822247069458661223,S,8.980,25,8.980,22443,8.970,250,P_SUREKLI_ISLEM
22,bist,TSKB.E,1707462003209053074,1707462003209053074,782224475017017445,7822247069458661223,S,8.980,5,8.980,22438,8.970,250,P_SUREKLI_ISLEM
23,bist,TSKB.E,1707462004137450583,1707462004137450583,782224475017018360,7822247069458661223,S,8.980,289,8.980,22943,8.970,250,P_SUREKLI_ISLEM
24,bist,TSKB.E,1707462005142178545,1707462005142178545,782224475017019571,7822247069458661223,S,8.980,5,8.980,26514,8.970,250,P_SUREKLI_ISLEM
25,bist,TSKB.E,1707462005339499556,1707462005339499556,782224475017019718,7822247069458661223,S,8.980,8342,8.980,18172,8.970,250,P_SUREKLI_ISLEM
26,bist,TSKB.E,1707462005506183142,1707462005506183142,782224475017019898,7822247069458661223,S,8.980,940,8.980,17232,8.970,250,P_SUREKLI_ISLEM
27,bist,TSKB.E,1707462005766142548,1707462005766142548,782224475017020075,7822247069458661223,S,8.980,4000,8.980,13232,8.970,250,P_SUREKLI_ISLEM
28,bist,TSKB.E,1707462006150017434,1707462006150017434,782224475017020298,7822247069458661223,S,8.980,5561,8.980,7671,8.970,400,P_SUREKLI_ISLEM
29,bist,TSKB.E,1707462006150087678,1707462006150087678,782224475017020299,7822247069458661223,S,8.980,818,8.980,6853,8.970,400,P_SUREKLI_ISLEM
30,bist,TSKB.E,1707462006150087678,1707462006150087678,782224475017020300,7822247069458661251,S,8.980,1594,8.980,5259,8.970,400,P_SUREKLI_ISLEM
31,bist,TSKB.E,1707462006150087678,1707462006150087678,782224475017020301,7822247069458663623,S,8.980,222,8.980,5037,8.970,400,P_SUREKLI_ISLEM
32,bist,TSKB.E,1707462006150087678,1707462006150087678,782224475017020302,7822247069458669882,S,8.980,667,8.980,4370,8.970,400,P_SUREKLI_ISLEM
33,bist,TSKB.E,1707462006150087678,1707462006150087678,782224475017020303,7822247069458685068,S,8.980,544,8.980,3826,8.970,400,P_SUREKLI_ISLEM
34,bist,TSKB.E,1707462006150087678,1707462006150087678,782224475017020304,7822247069458686327,S,8.980,250,8.980,3576,8.970,400,P_SUREKLI_ISLEM
35,bist,TSKB.E,1707462006150087678,1707462006150087678,782224475017020305,7822247069458687649,S,8.980,2000,8.980,1576,8.970,400,P_SUREKLI_ISLEM
36,bist,TSKB.E,1707462006150087678,1707462006150087678,782224475017020306,7822247069458693320,S,8.980,697,8.980,879,8.970,400,P_SUREKLI_ISLEM
37,bist,TSKB.E,1707462006150087678,1707462006150087678,782224475017020307,7822247069458693321,S,8.980,879,8.990,43690,8.970,400,P_SUREKLI_ISLEM
38,bist,TSKB.E,1707462006226951303,1707462006226951303,782224475017020353,7822247069458678798,B,8.970,1,8.990,45220,8.970,399,P_SUREKLI_ISLEM
39,bist,TSKB.E,1707462008293003137,1707462008293003137,782224475017021839,7822247069458701693,B,8.980,1000,8.990,38841,8.970,5626,P_SUREKLI_ISLEM
40,bist,TSKB.E,1707462008293254174,1707462008293254174,782224475017021841,7822247069458711713,S,8.980,1400,8.980,19568,8.970,5626,P_SUREKLI_ISLEM
41,bist,TSKB.E,1707462008311152323,1707462008311152323,782224475017021842,7822247069458678798,B,8.970,249,8.980,19568,8.970,5377,P_SUREKLI_ISLEM
42,bist,TSKB.E,1707462008311152323,1707462008311152323,782224475017021843,7822247069458698535,B,8.970,150,8.980,19568,8.970,5227,P_SUREKLI_ISLEM
43,bist,TSKB.E,1707462008311152323,1707462008311152323,782224475017021844,7822247069458706909,B,8.970,2556,8.980,19568,8.970,2671,P_SUREKLI_ISLEM
44,bist,TSKB.E,1707462008311152323,1707462008311152323,782224475017021845,7822247069458706910,B,8.970,2073,8.980,19568,8.970,598,P_SUREKLI_ISLEM
45,bist,TSKB.E,1707462008311152323,1707462008311152323,782224475017021846,7822247069458706911,B,8.970,598,8.980,19568,8.960,23191,P_SUREKLI_ISLEM
46,bist,TSKB.E,1707462008311415603,1707462008311415603,782224475017021851,7822247069458711771,S,8.970,14374,8.970,2492,8.960,17988,P_SUREKLI_ISLEM
47,bist,TSKB.E,1707462008311415603,1707462008311415603,782224475017021852,7822247069458711774,S,8.970,667,8.970,1825,8.960,17988,P_SUREKLI_ISLEM
48,bist,TSKB.E,1707462008311433672,1707462008311433672,782224475017021853,7822247069458711777,S,8.970,888,8.970,937,8.960,17988,P_SUREKLI_ISLEM
49,bist,TSKB.E,1707462008311433672,1707462008311433672,782224475017021854,7822247069458711778,S,8.970,715,8.970,222,8.960,17988,P_SUREKLI_ISLEM
50,bist,TSKB.E,1707462008311433672,1707462008311433672,782224475017021855,7822247069458711781,S,8.970,222,8.980,19568,8.960,17988,P_SUREKLI_ISLEM
51,bist,TSKB.E,1707462009206636135,1707462009206636135,782224475017022467,7822247069458711790,B,8.970,707,8.980,23553,8.970,28052,P_SUREKLI_ISLEM
52,bist,TSKB.E,1707462009206724356,1707462009206724356,782224475017022468,7822247069458711713,S,8.980,26,8.980,23527,8.970,28052,P_SUREKLI_ISLEM
53,bist,TSKB.E,1707462009459580670,1707462009459580670,782224475017022535,7822247069458711790,B,8.970,16968,8.980,28027,8.970,11084,P_SUREKLI_ISLEM
54,bist,TSKB.E,1707462009459580670,1707462009459580670,782224475017022536,7822247069458711802,B,8.970,584,8.980,28027,8.970,10500,P_SUREKLI_ISLEM
55,bist,TSKB.E,1707462009459580670,1707462009459580670,782224475017022537,7822247069458711804,B,8.970,500,8.980,28027,8.970,10000,P_SUREKLI_ISLEM
56,bist,TSKB.E,1707462009459580670,1707462009459580670,782224475017022538,7822247069458711826,B,8.970,10000,8.980,28027,8.960,18082,P_SUREKLI_ISLEM
57,bist,TSKB.E,1707462010017506164,1707462010017506164,782224475017022835,7822247069458711713,S,8.980,1,8.980,28176,8.970,3100,P_SUREKLI_ISLEM
58,bist,TSKB.E,1707462010017579694,1707462010017579694,782224475017022836,7822247069458716742,B,8.970,3100,8.980,28176,8.960,18697,P_SUREKLI_ISLEM
59,bist,TSKB.E,1707462010537394889,1707462010537394889,782224475017023219,7822247069458711713,S,8.980,2,8.980,28174,8.960,18697,P_SUREKLI_ISLEM
60,bist,TSKB.E,1707462011349574792,1707462011349574792,782224475017023809,7822247069458711713,S,8.980,2,8.980,28172,8.960,18697,P_SUREKLI_ISLEM
61,bist,TSKB.E,1707462013083162433,1707462013083162433,782224475017024557,7822247069458379709,B,8.960,4,8.970,3434,8.960,15717,P_SUREKLI_ISLEM
62,bist,TSKB.E,1707462013083162433,1707462013083162433,782224475017024558,7822247069458660973,B,8.960,4,8.970,3434,8.960,15713,P_SUREKLI_ISLEM
63,bist,TSKB.E,1707462013816964135,1707462013816964135,782224475017024936,7822247069458660973,B,8.960,537,8.970,3434,8.960,15176,P_SUREKLI_ISLEM
64,bist,TSKB.E,1707462013816964135,1707462013816964135,782224475017024937,7822247069458661388,B,8.960,1463,8.970,3434,8.960,13713,P_SUREKLI_ISLEM
65,bist,TSKB.E,1707462013817045749,1707462013817045749,782224475017024938,7822247069458661388,B,8.960,26,8.970,3434,8.960,13687,P_SUREKLI_ISLEM
66,bist,TSKB.E,1707462014332925827,1707462014332925827,782224475017025153,7822247069458732211,S,8.970,5,8.970,3429,8.960,12738,P_SUREKLI_ISLEM
67,bist,TSKB.E,1707462014406860550,1707462014406860550,782224475017025157,7822247069458732211,S,8.970,6,8.970,3423,8.960,12738,P_SUREKLI_ISLEM
68,bist,TSKB.E,1707462014616183001,1707462014616183001,782224475017025210,7822247069458732211,S,8.970,500,8.970,2923,8.960,12738,P_SUREKLI_ISLEM
69,bist,TSKB.E,1707462014729830628,1707462014729830628,782224475017025245,7822247069458732211,S,8.970,150,8.970,2773,8.960,12738,P_SUREKLI_ISLEM
70,bist,TSKB.E,1707462015140599563,1707462015140599563,782224475017025518,7822247069458732211,S,8.970,339,8.970,2434,8.960,12738,P_SUREKLI_ISLEM
71,bist,TSKB.E,1707462015140599563,1707462015140599563,782224475017025519,7822247069458732212,S,8.970,667,8.970,1767,8.960,12738,P_SUREKLI_ISLEM
72,bist,TSKB.E,1707462015140599563,1707462015140599563,782224475017025520,7822247069458732219,S,8.970,868,8.970,899,8.960,12738,P_SUREKLI_ISLEM
73,bist,TSKB.E,1707462015140599563,1707462015140599563,782224475017025521,7822247069458732220,S,8.970,677,8.970,222,8.960,12738,P_SUREKLI_ISLEM
74,bist,TSKB.E,1707462015140599563,1707462015140599563,782224475017025522,7822247069458733497,S,8.970,222,8.980,37212,8.960,12738,P_SUREKLI_ISLEM
75,bist,TSKB.E,1707462015140599563,1707462015140599563,782224475017025523,7822247069458711713,S,8.980,17569,8.980,19643,8.960,12738,P_SUREKLI_ISLEM
76,bist,TSKB.E,1707462015140599563,1707462015140599563,782224475017025524,7822247069458711715,S,8.980,856,8.980,18787,8.960,12738,P_SUREKLI_ISLEM
77,bist,TSKB.E,1707462015140599563,1707462015140599563,782224475017025525,7822247069458711717,S,8.980,890,8.980,17897,8.960,12738,P_SUREKLI_ISLEM
78,bist,TSKB.E,1707462015140599563,1707462015140599563,782224475017025526,7822247069458711721,S,8.980,222,8.980,17675,8.960,12738,P_SUREKLI_ISLEM
79,bist,TSKB.E,1707462015140599563,1707462015140599563,782224475017025527,7822247069458711795,S,8.980,667,8.980,17008,8.960,12738,P_SUREKLI_ISLEM
80,bist,TSKB.E,1707462015140599563,1707462015140599563,782224475017025528,7822247069458713194,S,8.980,2999,8.980,14009,8.960,12738,P_SUREKLI_ISLEM
81,bist,TSKB.E,1707462015140599563,1707462015140599563,782224475017025529,7822247069458714836,S,8.980,319,8.980,13690,8.960,12738,P_SUREKLI_ISLEM
82,bist,TSKB.E,1707462015140599563,1707462015140599563,782224475017025530,7822247069458716726,S,8.980,3705,8.980,9985,8.960,12738,P_SUREKLI_ISLEM
83,bist,TSKB.E,1707462015141074211,1707462015141074211,782224475017025549,7822247069458742649,B,8.970,500,8.980,11642,8.970,3200,P_SUREKLI_ISLEM
84,bist,TSKB.E,1707462015141074211,1707462015141074211,782224475017025550,7822247069458742650,B,8.970,3200,8.980,11642,8.960,13479,P_SUREKLI_ISLEM
85,bist,TSKB.E,1707462015141231123,1707462015141231123,782224475017025552,7822247069458742666,B,8.970,741,8.980,12536,8.960,13479,P_SUREKLI_ISLEM
86,bist,TSKB.E,1707462015141687149,1707462015141687149,782224475017025553,7822247069458742689,B,8.970,3500,8.980,12536,8.960,13479,P_SUREKLI_ISLEM
87,bist,TSKB.E,1707462015794606274,1707462015794606274,782224475017025675,7822247069458716726,S,8.980,25,8.980,13262,8.960,13479,P_SUREKLI_ISLEM
88,bist,TSKB.E,1707462015835026135,1707462015835026135,782224475017025690,7822247069458744247,B,8.970,1000,8.980,13262,8.960,13479,P_SUREKLI_ISLEM
89,bist,TSKB.E,1707462016019651882,1707462016019651882,782224475017025794,7822247069458716726,S,8.980,222,8.980,13040,8.960,13479,P_SUREKLI_ISLEM
90,bist,TSKB.E,1707462018574051474,1707462018574051474,782224475017027509,7822247069458749935,S,8.970,53,8.970,52674,8.960,10904,P_SUREKLI_ISLEM
91,bist,TSKB.E,1707462018879018598,1707462018879018598,782224475017027564,7822247069458749935,S,8.970,33,8.970,53302,8.960,10904,P_SUREKLI_ISLEM
92,bist,TSKB.E,1707462019467490311,1707462019467490311,782224475017027925,7822247069458749935,S,8.970,607,8.970,53154,8.960,10904,P_SUREKLI_ISLEM
93,bist,TSKB.E,1707462020660935250,1707462020660935250,782224475017028673,7822247069458749935,S,8.970,7015,8.970,46139,8.960,10904,P_SUREKLI_ISLEM
94,bist,TSKB.E,1707462023850588880,1707462023850588880,782224475017029627,7822247069458661817,B,8.960,599,8.970,46139,8.960,10555,P_SUREKLI_ISLEM
95,bist,TSKB.E,1707462023850588880,1707462023850588880,782224475017029628,7822247069458677221,B,8.960,426,8.970,46139,8.960,10129,P_SUREKLI_ISLEM
96,bist,TSKB.E,1707462023850683125,1707462023850683125,782224475017029629,7822247069458677221,B,8.960,9574,8.970,46139,8.960,555,P_SUREKLI_ISLEM
97,bist,TSKB.E,1707462023850683125,1707462023850683125,782224475017029630,7822247069458678970,B,8.960,250,8.970,46139,8.960,305,P_SUREKLI_ISLEM
98,bist,TSKB.E,1707462023850683125,1707462023850683125,782224475017029631,7822247069458692600,B,8.960,55,8.970,46139,8.960,250,P_SUREKLI_ISLEM
99,bist,TSKB.E,1707462023850683125,1707462023850683125,782224475017029632,7822247069458765488,B,8.960,250,8.970,46139,8.950,8748,P_SUREKLI_ISLEM
100,bist,TSKB.E,1707462023850982455,1707462023850982455,782224475017029634,7822247069458770732,B,8.960,26,8.970,50287,8.960,974,P_SUREKLI_ISLEM
101,bist,TSKB.E,1707462023850990641,1707462023850990641,782224475017029635,7822247069458770732,B,8.960,974,8.970,50287,8.950,3212,P_SUREKLI_ISLEM
102,bist,TSKB.E,1707462023851046322,1707462023851046322,782224475017029636,7822247069458379644,B,8.950,26,8.970,50287,8.950,3186,P_SUREKLI_ISLEM
103,bist,TSKB.E,1707462024954080771,1707462024954080771,782224475017029873,7822247069458379644,B,8.950,7,8.970,67887,8.950,43653,P_SUREKLI_ISLEM
104,bist,TSKB.E,1707462024954080771,1707462024954080771,782224475017029874,7822247069458394103,B,8.950,10,8.970,67887,8.950,43643,P_SUREKLI_ISLEM
105,bist,TSKB.E,1707462024954080771,1707462024954080771,782224475017029875,7822247069458407867,B,8.950,300,8.970,67887,8.950,43343,P_SUREKLI_ISLEM
106,bist,TSKB.E,1707462024954080771,1707462024954080771,782224475017029876,7822247069458410522,B,8.950,200,8.970,67887,8.950,43143,P_SUREKLI_ISLEM
107,bist,TSKB.E,1707462024954080771,1707462024954080771,782224475017029877,7822247069458661601,B,8.950,544,8.970,67887,8.950,42599,P_SUREKLI_ISLEM
108,bist,TSKB.E,1707462024954080771,1707462024954080771,782224475017029878,7822247069458678971,B,8.950,500,8.970,67887,8.950,42099,P_SUREKLI_ISLEM
109,bist,TSKB.E,1707462024954080771,1707462024954080771,782224475017029879,7822247069458725205,B,8.950,633,8.970,67887,8.950,41466,P_SUREKLI_ISLEM
110,bist,TSKB.E,1707462024954080771,1707462024954080771,782224475017029880,7822247069458733498,B,8.950,106,8.970,67887,8.950,41360,P_SUREKLI_ISLEM
111,bist,TSKB.E,1707462024954080771,1707462024954080771,782224475017029881,7822247069458770716,B,8.950,596,8.970,67887,8.950,40764,P_SUREKLI_ISLEM
112,bist,TSKB.E,1707462025249331846,1707462025249331846,782224475017029917,7822247069458772977,S,8.960,100,8.960,2858,8.950,41362,P_SUREKLI_ISLEM
113,bist,TSKB.E,1707462030411113874,1707462030411113874,782224475017030690,7822247069458770716,B,8.950,3,8.960,3080,8.950,41359,P_SUREKLI_ISLEM
114,bist,TSKB.E,1707462036131302909,1707462036131302909,782224475017031482,7822247069458772977,S,8.960,496,8.960,3084,8.950,41359,P_SUREKLI_ISLEM
115,bist,TSKB.E,1707462036131302909,1707462036131302909,782224475017031483,7822247069458772982,S,8.960,980,8.960,2104,8.950,41359,P_SUREKLI_ISLEM
116,bist,TSKB.E,1707462036131302909,1707462036131302909,782224475017031484,7822247069458772986,S,8.960,24,8.960,2080,8.950,41359,P_SUREKLI_ISLEM
117,bist,TSKB.E,1707462037370820095,1707462037370820095,782224475017031807,7822247069458770716,B,8.950,70,8.960,9426,8.950,40691,P_SUREKLI_ISLEM
118,bist,TSKB.E,1707462040280661533,1707462040280661533,782224475017032167,7822247069458772986,S,8.960,2,8.960,10619,8.950,40691,P_SUREKLI_ISLEM
119,bist,TSKB.E,1707462042484738291,1707462042484738291,782224475017032619,7822247069458772986,S,8.960,1,8.960,10618,8.950,40691,P_SUREKLI_ISLEM
120,bist,TSKB.E,1707462043589673861,1707462043589673861,782224475017032807,7822247069458770716,B,8.950,177,8.960,10618,8.950,40514,P_SUREKLI_ISLEM
121,bist,TSKB.E,1707462043589673861,1707462043589673861,782224475017032808,7822247069458770824,B,8.950,4093,8.960,10618,8.950,36421,P_SUREKLI_ISLEM
122,bist,TSKB.E,1707462046095957299,1707462046095957299,782224475017033133,7822247069458770824,B,8.950,1195,8.960,11679,8.950,35226,P_SUREKLI_ISLEM
123,bist,TSKB.E,1707462047890737138,1707462047890737138,782224475017033345,7822247069458770824,B,8.950,50,8.960,11679,8.950,35176,P_SUREKLI_ISLEM
124,bist,TSKB.E,1707462048529200112,1707462048529200112,782224475017033415,7822247069458770824,B,8.950,8000,8.960,11679,8.950,27176,P_SUREKLI_ISLEM
125,bist,TSKB.E,1707462048643590044,1707462048643590044,782224475017033468,7822247069458770824,B,8.950,83,8.960,11679,8.950,27093,P_SUREKLI_ISLEM
126,bist,TSKB.E,1707462052848475023,1707462052848475023,782224475017034186,7822247069458770824,B,8.950,26579,8.960,11679,8.950,514,P_SUREKLI_ISLEM
127,bist,TSKB.E,1707462052848475023,1707462052848475023,782224475017034187,7822247069458770825,B,8.950,514,8.960,11679,8.940,67493,P_SUREKLI_ISLEM
128,bist,TSKB.E,1707462052848881043,1707462052848881043,782224475017034191,7822247069458829143,S,8.950,2400,8.950,111744,8.940,66275,P_SUREKLI_ISLEM
129,bist,TSKB.E,1707462053223650764,1707462053223650764,782224475017034279,7822247069458829143,S,8.950,8,8.950,113718,8.940,65508,P_SUREKLI_ISLEM
130,bist,TSKB.E,1707462053844305387,1707462053844305387,782224475017034383,7822247069458829143,S,8.950,10,8.950,113708,8.940,65508,P_SUREKLI_ISLEM
131,bist,TSKB.E,1707462054317028085,1707462054317028085,782224475017034469,7822247069458379714,B,8.940,8,8.950,115184,8.940,65500,P_SUREKLI_ISLEM
132,bist,TSKB.E,1707462054317028085,1707462054317028085,782224475017034470,7822247069458552210,B,8.940,2836,8.950,115184,8.940,62664,P_SUREKLI_ISLEM
133,bist,TSKB.E,1707462054722304888,1707462054722304888,782224475017034533,7822247069458552210,B,8.940,164,8.950,115184,8.940,62500,P_SUREKLI_ISLEM
134,bist,TSKB.E,1707462054722304888,1707462054722304888,782224475017034534,7822247069458559835,B,8.940,1250,8.950,115184,8.940,61250,P_SUREKLI_ISLEM
135,bist,TSKB.E,1707462054722304888,1707462054722304888,782224475017034535,7822247069458670342,B,8.940,8586,8.950,115184,8.940,52664,P_SUREKLI_ISLEM
136,bist,TSKB.E,1707462058993259999,1707462058993259999,782224475017036160,7822247069458670342,B,8.940,25,8.950,119964,8.940,52639,P_SUREKLI_ISLEM
137,bist,TSKB.E,1707462059733828770,1707462059733828770,782224475017036300,7822247069458670342,B,8.940,51389,8.950,123668,8.940,1250,P_SUREKLI_ISLEM
138,bist,TSKB.E,1707462059733828770,1707462059733828770,782224475017036301,7822247069458706906,B,8.940,1000,8.950,123668,8.940,250,P_SUREKLI_ISLEM
139,bist,TSKB.E,1707462059733828770,1707462059733828770,782224475017036302,7822247069458805039,B,8.940,250,8.950,123668,8.930,72097,P_SUREKLI_ISLEM
140,bist,TSKB.E,1707462059739244808,1707462059739244808,782224475017036322,7822247069458840512,S,8.940,3700,8.940,1449,8.930,72507,P_SUREKLI_ISLEM
141,bist,TSKB.E,1707462059740078461,1707462059740078461,782224475017036323,7822247069458840512,S,8.940,100,8.940,1349,8.930,72507,P_SUREKLI_ISLEM
142,bist,TSKB.E,1707462059740078461,1707462059740078461,782224475017036324,7822247069458840550,S,8.940,697,8.940,652,8.930,72507,P_SUREKLI_ISLEM
143,bist,TSKB.E,1707462059740078461,1707462059740078461,782224475017036325,7822247069458840551,S,8.940,652,8.950,125808,8.930,72507,P_SUREKLI_ISLEM
144,bist,TSKB.E,1707462059740633379,1707462059740633379,782224475017036326,7822247069458840699,B,8.940,26,8.950,125808,8.940,13525,P_SUREKLI_ISLEM
145,bist,TSKB.E,1707462059751858980,1707462059751858980,782224475017036330,7822247069458840699,B,8.940,744,8.950,125808,8.940,12781,P_SUREKLI_ISLEM
146,bist,TSKB.E,1707462059864795202,1707462059864795202,782224475017036349,7822247069458840699,B,8.940,27,8.950,125676,8.940,12754,P_SUREKLI_ISLEM
147,bist,TSKB.E,1707462065796850640,1707462065796850640,782224475017037892,7822247069458840699,B,8.940,8,8.950,125676,8.940,13746,P_SUREKLI_ISLEM
148,bist,TSKB.E,1707462067348961794,1707462067348961794,782224475017038119,7822247069458840699,B,8.940,36,8.950,125676,8.940,15219,P_SUREKLI_ISLEM
149,bist,TSKB.E,1707462071352863707,1707462071352863707,782224475017038714,7822247069458840699,B,8.940,600,8.950,125730,8.940,14619,P_SUREKLI_ISLEM
150,bist,TSKB.E,1707462072260141614,1707462072260141614,782224475017038872,7822247069458840699,B,8.940,5000,8.950,125730,8.940,8110,P_SUREKLI_ISLEM
151,bist,TSKB.E,1707462073150043420,1707462073150043420,782224475017039039,7822247069458840699,B,8.940,7110,8.950,125730,8.940,1000,P_SUREKLI_ISLEM
152,bist,TSKB.E,1707462073150043420,1707462073150043420,782224475017039040,7822247069458847954,B,8.940,1000,8.950,125730,8.930,71831,P_SUREKLI_ISLEM
153,bist,TSKB.E,1707462073150151291,1707462073150151291,782224475017039041,7822247069458749935,S,8.940,34182,8.950,125730,8.930,71791,P_SUREKLI_ISLEM
154,bist,TSKB.E,1707462073150310080,1707462073150310080,782224475017039046,7822247069458869021,S,8.940,758,8.940,1577,8.930,72323,P_SUREKLI_ISLEM
155,bist,TSKB.E,1707462073150310080,1707462073150310080,782224475017039047,7822247069458869027,S,8.940,667,8.940,910,8.930,72323,P_SUREKLI_ISLEM
156,bist,TSKB.E,1707462073150310080,1707462073150310080,782224475017039048,7822247069458869031,S,8.940,688,8.940,222,8.930,72323,P_SUREKLI_ISLEM
157,bist,TSKB.E,1707462073150310080,1707462073150310080,782224475017039049,7822247069458869033,S,8.940,222,8.950,125184,8.930,72323,P_SUREKLI_ISLEM
158,bist,TSKB.E,1707462075369549255,1707462075369549255,782224475017039474,7822247069458829143,S,8.950,10,8.950,125756,8.940,8541,P_SUREKLI_ISLEM
159,bist,TSKB.E,1707462075826877958,1707462075826877958,782224475017039528,7822247069458869071,B,8.940,496,8.950,125772,8.940,8045,P_SUREKLI_ISLEM
160,bist,TSKB.E,1707462076052422196,1707462076052422196,782224475017039582,7822247069458869071,B,8.940,2000,8.950,125772,8.940,6045,P_SUREKLI_ISLEM
161,bist,TSKB.E,1707462079636158325,1707462079636158325,782224475017040128,7822247069458869071,B,8.940,4304,8.950,125772,8.940,5655,P_SUREKLI_ISLEM
162,bist,TSKB.E,1707462079636158325,1707462079636158325,782224475017040129,7822247069458871501,B,8.940,1696,8.950,125772,8.940,3959,P_SUREKLI_ISLEM
163,bist,TSKB.E,1707462080430784570,1707462080430784570,782224475017040229,7822247069458875746,B,8.940,3914,8.950,125772,8.930,79875,P_SUREKLI_ISLEM
164,bist,TSKB.E,1707462080431317685,1707462080431317685,782224475017040231,7822247069458880995,S,8.940,1696,8.940,1821,8.930,73832,P_SUREKLI_ISLEM
165,bist,TSKB.E,1707462080431810147,1707462080431810147,782224475017040232,7822247069458880999,S,8.940,916,8.940,905,8.930,73832,P_SUREKLI_ISLEM
166,bist,TSKB.E,1707462080431810147,1707462080431810147,782224475017040233,7822247069458881001,S,8.940,16,8.940,889,8.930,73832,P_SUREKLI_ISLEM
167,bist,TSKB.E,1707462080431810147,1707462080431810147,782224475017040234,7822247069458881004,S,8.940,222,8.940,667,8.930,73832,P_SUREKLI_ISLEM
168,bist,TSKB.E,1707462080431810147,1707462080431810147,782224475017040235,7822247069458881005,S,8.940,246,8.940,421,8.930,73832,P_SUREKLI_ISLEM
169,bist,TSKB.E,1707462080431888385,1707462080431888385,782224475017040236,7822247069458881005,S,8.940,421,8.950,133337,8.930,73832,P_SUREKLI_ISLEM
170,bist,TSKB.E,1707462081049153888,1707462081049153888,782224475017040297,7822247069458881082,B,8.940,500,8.950,125772,8.930,73975,P_SUREKLI_ISLEM
171,bist,TSKB.E,1707462082836665965,1707462082836665965,782224475017040486,7822247069458379715,B,8.930,8,8.940,20649,8.930,73824,P_SUREKLI_ISLEM
172,bist,TSKB.E,1707462082836665965,1707462082836665965,782224475017040487,7822247069458670340,B,8.930,142,8.940,20649,8.930,73682,P_SUREKLI_ISLEM
173,bist,TSKB.E,1707462083589607011,1707462083589607011,782224475017040568,7822247069458882663,S,8.940,10,8.940,20639,8.930,75682,P_SUREKLI_ISLEM
174,bist,TSKB.E,1707462085588534840,1707462085588534840,782224475017040789,7822247069458882663,S,8.940,6,8.940,35610,8.930,75682,P_SUREKLI_ISLEM
175,bist,TSKB.E,1707462088321034339,1707462088321034339,782224475017041070,7822247069458882663,S,8.940,5000,8.940,31486,8.930,75682,P_SUREKLI_ISLEM
176,bist,TSKB.E,1707462089603067301,1707462089603067301,782224475017041287,7822247069458882663,S,8.940,13066,8.940,18420,8.930,75682,P_SUREKLI_ISLEM
177,bist,TSKB.E,1707462089603067301,1707462089603067301,782224475017041288,7822247069458882667,S,8.940,965,8.940,17455,8.930,75682,P_SUREKLI_ISLEM
178,bist,TSKB.E,1707462089603067301,1707462089603067301,782224475017041289,7822247069458882670,S,8.940,713,8.940,16742,8.930,75682,P_SUREKLI_ISLEM
179,bist,TSKB.E,1707462089603067301,1707462089603067301,782224475017041290,7822247069458882674,S,8.940,222,8.940,16520,8.930,75682,P_SUREKLI_ISLEM
180,bist,TSKB.E,1707462089603067301,1707462089603067301,782224475017041291,7822247069458882675,S,8.940,667,8.940,15853,8.930,75682,P_SUREKLI_ISLEM
181,bist,TSKB.E,1707462089603067301,1707462089603067301,782224475017041292,7822247069458888495,S,8.940,4367,8.940,11486,8.930,75682,P_SUREKLI_ISLEM
182,bist,TSKB.E,1707462089603189117,1707462089603189117,782224475017041293,7822247069458888495,S,8.940,10610,8.940,876,8.930,75682,P_SUREKLI_ISLEM
183,bist,TSKB.E,1707462089603189117,1707462089603189117,782224475017041294,7822247069458891971,S,8.940,876,8.950,133266,8.930,75682,P_SUREKLI_ISLEM
184,bist,TSKB.E,1707462089657984928,1707462089657984928,782224475017041303,7822247069458894646,S,8.940,15000,8.950,126333,8.930,75682,P_SUREKLI_ISLEM
185,bist,TSKB.E,1707462089658095747,1707462089658095747,782224475017041304,7822247069458894651,S,8.940,715,8.940,1173,8.930,75682,P_SUREKLI_ISLEM
186,bist,TSKB.E,1707462089658120119,1707462089658120119,782224475017041305,7822247069458894652,S,8.940,951,8.940,222,8.930,75682,P_SUREKLI_ISLEM
187,bist,TSKB.E,1707462089658148743,1707462089658148743,782224475017041306,7822247069458894657,S,8.940,222,8.940,667,8.930,75682,P_SUREKLI_ISLEM
188,bist,TSKB.E,1707462089658199245,1707462089658199245,782224475017041307,7822247069458894669,S,8.940,667,8.950,126333,8.930,75682,P_SUREKLI_ISLEM
189,bist,TSKB.E,1707462095707391524,1707462095707391524,782224475017042431,7822247069458900793,B,8.940,5000,8.950,131207,8.930,85512,P_SUREKLI_ISLEM
190,bist,TSKB.E,1707462095707391524,1707462095707391524,782224475017042432,7822247069458670340,B,8.930,5000,8.950,131207,8.930,80512,P_SUREKLI_ISLEM
191,bist,TSKB.E,1707462100061801672,1707462100061801672,782224475017043072,7822247069458775139,S,8.940,100,8.940,3965,8.930,75804,P_SUREKLI_ISLEM
192,bist,TSKB.E,1707462103708091781,1707462103708091781,782224475017043531,7822247069458670340,B,8.930,2,8.940,4065,8.930,75802,P_SUREKLI_ISLEM
193,bist,TSKB.E,1707462105435242986,1707462105435242986,782224475017043800,7822247069458670340,B,8.930,1119,8.940,4065,8.930,74683,P_SUREKLI_ISLEM
194,bist,TSKB.E,1707462105582377863,1707462105582377863,782224475017043827,7822247069458670340,B,8.930,687,8.940,4065,8.930,73996,P_SUREKLI_ISLEM
195,bist,TSKB.E,1707462109207644772,1707462109207644772,782224475017044352,7822247069458775139,S,8.940,876,8.940,19893,8.930,74542,P_SUREKLI_ISLEM
196,bist,TSKB.E,1707462109207644772,1707462109207644772,782224475017044353,7822247069458912782,S,8.940,932,8.940,18961,8.930,74542,P_SUREKLI_ISLEM
197,bist,TSKB.E,1707462109207644772,1707462109207644772,782224475017044354,7822247069458912788,S,8.940,990,8.940,17971,8.930,74542,P_SUREKLI_ISLEM
198,bist,TSKB.E,1707462109207644772,1707462109207644772,782224475017044355,7822247069458912792,S,8.940,667,8.940,17304,8.930,74542,P_SUREKLI_ISLEM
199,bist,TSKB.E,1707462109207644772,1707462109207644772,782224475017044356,7822247069458831089,S,8.940,500,8.940,16804,8.930,74542,P_SUREKLI_ISLEM
200,bist,TSKB.E,1707462109207644772,1707462109207644772,782224475017044357,7822247069458917014,S,8.940,100,8.940,16704,8.930,74542,P_SUREKLI_ISLEM
201,bist,TSKB.E,1707462109207644772,1707462109207644772,782224475017044358,7822247069458921056,S,8.940,935,8.940,15769,8.930,74542,P_SUREKLI_ISLEM
202,bist,TSKB.E,1707462111003307320,1707462111003307320,782224475017044580,7822247069458839766,S,8.940,493,8.940,13238,8.930,74542,P_SUREKLI_ISLEM
203,bist,TSKB.E,1707462111536417434,1707462111536417434,782224475017044660,7822247069458839766,S,8.940,4,8.940,13234,8.930,74542,P_SUREKLI_ISLEM
204,bist,TSKB.E,1707462114236850191,1707462114236850191,782224475017045061,7822247069458839766,S,8.940,3207,8.940,10027,8.930,74542,P_SUREKLI_ISLEM
205,bist,TSKB.E,1707462114236850191,1707462114236850191,782224475017045062,7822247069458921569,S,8.940,8000,8.940,2027,8.930,74542,P_SUREKLI_ISLEM
206,bist,TSKB.E,1707462114236850191,1707462114236850191,782224475017045063,7822247069458924774,S,8.940,677,8.940,1350,8.930,74542,P_SUREKLI_ISLEM
207,bist,TSKB.E,1707462114236850191,1707462114236850191,782224475017045064,7822247069458924775,S,8.940,667,8.940,683,8.930,74542,P_SUREKLI_ISLEM
208,bist,TSKB.E,1707462114236850191,1707462114236850191,782224475017045065,7822247069458924777,S,8.940,683,8.950,133458,8.930,74542,P_SUREKLI_ISLEM
209,bist,TSKB.E,1707462114237399301,1707462114237399301,782224475017045071,7822247069458829143,S,8.950,25,8.950,118873,8.940,194539,P_SUREKLI_ISLEM
210,bist,TSKB.E,1707462114910973659,1707462114910973659,782224475017045171,7822247069458829143,S,8.950,10,8.950,118259,8.940,204539,P_SUREKLI_ISLEM
211,bist,TSKB.E,1707462115952269143,1707462115952269143,782224475017045277,7822247069458930296,B,8.940,3,8.950,117693,8.940,205125,P_SUREKLI_ISLEM
212,bist,TSKB.E,1707462116298040408,1707462116298040408,782224475017045325,7822247069458930296,B,8.940,2256,8.950,117693,8.940,202869,P_SUREKLI_ISLEM
213,bist,TSKB.E,1707462117756896345,1707462117756896345,782224475017045476,7822247069458930296,B,8.940,1,8.950,114829,8.940,202868,P_SUREKLI_ISLEM
214,bist,TSKB.E,1707462122473122360,1707462122473122360,782224475017046095,7822247069458829143,S,8.950,5,8.950,118483,8.940,202928,P_SUREKLI_ISLEM
215,bist,TSKB.E,1707462123863786103,1707462123863786103,782224475017046261,7822247069458829143,S,8.950,10000,8.950,108483,8.940,202928,P_SUREKLI_ISLEM
216,bist,TSKB.E,1707462124984218826,1707462124984218826,782224475017046509,7822247069458829143,S,8.950,10000,8.950,92569,8.940,204076,P_SUREKLI_ISLEM
217,bist,TSKB.E,1707462124984325916,1707462124984325916,782224475017046510,7822247069458829143,S,8.950,29000,8.950,63569,8.940,204076,P_SUREKLI_ISLEM
218,bist,TSKB.E,1707462124984355213,1707462124984355213,782224475017046511,7822247069458829143,S,8.950,29000,8.950,34569,8.940,204076,P_SUREKLI_ISLEM
219,bist,TSKB.E,1707462124984375898,1707462124984375898,782224475017046512,7822247069458829143,S,8.950,27000,8.950,7569,8.940,204076,P_SUREKLI_ISLEM
220,bist,TSKB.E,1707462124984395119,1707462124984395119,782224475017046513,7822247069458829143,S,8.950,5439,8.950,2130,8.940,204076,P_SUREKLI_ISLEM
221,bist,TSKB.E,1707462124984395119,1707462124984395119,782224475017046514,7822247069458829180,S,8.950,130,8.950,2000,8.940,204076,P_SUREKLI_ISLEM
222,bist,TSKB.E,1707462124984426064,1707462124984426064,782224475017046515,7822247069458829180,S,8.950,860,8.950,1140,8.940,204076,P_SUREKLI_ISLEM
223,bist,TSKB.E,1707462124984426064,1707462124984426064,782224475017046516,7822247069458829182,S,8.950,548,8.950,592,8.940,204076,P_SUREKLI_ISLEM
224,bist,TSKB.E,1707462124984426064,1707462124984426064,782224475017046517,7822247069458829204,S,8.950,222,8.950,370,8.940,204076,P_SUREKLI_ISLEM
225,bist,TSKB.E,1707462124984426064,1707462124984426064,782224475017046518,7822247069458829576,S,8.950,100,8.950,270,8.940,204076,P_SUREKLI_ISLEM
226,bist,TSKB.E,1707462124984426064,1707462124984426064,782224475017046519,7822247069458832131,S,8.950,200,8.950,70,8.940,204076,P_SUREKLI_ISLEM
227,bist,TSKB.E,1707462124984426064,1707462124984426064,782224475017046520,7822247069458861089,S,8.950,54,8.950,16,8.940,204076,P_SUREKLI_ISLEM
228,bist,TSKB.E,1707462124984426064,1707462124984426064,782224475017046521,7822247069458874056,S,8.950,16,8.960,40094,8.940,204076,P_SUREKLI_ISLEM
229,bist,TSKB.E,1707462128432859837,1707462128432859837,782224475017047057,7822247069458947049,B,8.950,100,8.960,29374,8.950,14374,P_SUREKLI_ISLEM
230,bist,TSKB.E,1707462131450577569,1707462131450577569,782224475017047397,7822247069458947049,B,8.950,24,8.960,29374,8.950,14836,P_SUREKLI_ISLEM
231,bist,TSKB.E,1707462131689245396,1707462131689245396,782224475017047441,7822247069458773862,S,8.960,222,8.960,29152,8.950,14836,P_SUREKLI_ISLEM
232,bist,TSKB.E,1707462131689245396,1707462131689245396,782224475017047442,7822247069458790715,S,8.960,500,8.960,28652,8.950,14836,P_SUREKLI_ISLEM
233,bist,TSKB.E,1707462131689245396,1707462131689245396,782224475017047443,7822247069458798332,S,8.960,3000,8.960,25652,8.950,14836,P_SUREKLI_ISLEM
234,bist,TSKB.E,1707462131689245396,1707462131689245396,782224475017047444,7822247069458836489,S,8.960,200,8.960,25452,8.950,14836,P_SUREKLI_ISLEM
235,bist,TSKB.E,1707462131689245396,1707462131689245396,782224475017047445,7822247069458840526,S,8.960,550,8.960,24902,8.950,14836,P_SUREKLI_ISLEM
236,bist,TSKB.E,1707462131689245396,1707462131689245396,782224475017047446,7822247069458851955,S,8.960,5000,8.960,19902,8.950,14836,P_SUREKLI_ISLEM
237,bist,TSKB.E,1707462131689245396,1707462131689245396,782224475017047447,7822247069458772851,S,8.960,17600,8.960,2302,8.950,14836,P_SUREKLI_ISLEM
238,bist,TSKB.E,1707462131689245396,1707462131689245396,782224475017047448,7822247069458947075,S,8.960,707,8.960,1595,8.950,14836,P_SUREKLI_ISLEM
239,bist,TSKB.E,1707462131689245396,1707462131689245396,782224475017047449,7822247069458947077,S,8.960,928,8.960,667,8.950,14836,P_SUREKLI_ISLEM
240,bist,TSKB.E,1707462131689245396,1707462131689245396,782224475017047450,7822247069458947115,S,8.960,667,8.970,17430,8.950,14836,P_SUREKLI_ISLEM
241,bist,TSKB.E,1707462131689506737,1707462131689506737,782224475017047451,7822247069458553809,B,8.960,20626,8.970,16523,8.950,14876,P_SUREKLI_ISLEM
242,bist,TSKB.E,1707462137278532827,1707462137278532827,782224475017048261,7822247069458965397,S,8.960,27,8.960,1536,8.950,18784,P_SUREKLI_ISLEM
243,bist,TSKB.E,1707462139573690039,1707462139573690039,782224475017048569,7822247069458947049,B,8.950,6860,8.960,17432,8.950,12924,P_SUREKLI_ISLEM
244,bist,TSKB.E,1707462141738485766,1707462141738485766,782224475017048948,7822247069458965397,S,8.960,73,8.960,17359,8.950,12924,P_SUREKLI_ISLEM
245,bist,TSKB.E,1707462141738485766,1707462141738485766,782224475017048949,7822247069458965398,S,8.960,756,8.960,16603,8.950,12924,P_SUREKLI_ISLEM
246,bist,TSKB.E,1707462141738485766,1707462141738485766,782224475017048950,7822247069458965402,S,8.960,707,8.960,15896,8.950,12924,P_SUREKLI_ISLEM
247,bist,TSKB.E,1707462141738485766,1707462141738485766,782224475017048951,7822247069458965411,S,8.960,13896,8.960,2000,8.950,12924,P_SUREKLI_ISLEM
248,bist,TSKB.E,1707462141738485766,1707462141738485766,782224475017048952,7822247069458803126,S,8.960,2000,8.970,19041,8.950,12924,P_SUREKLI_ISLEM
249,bist,TSKB.E,1707462141738703073,1707462141738703073,782224475017048953,7822247069458974265,B,8.960,2568,8.970,18947,8.950,18571,P_SUREKLI_ISLEM
250,bist,TSKB.E,1707462143887288502,1707462143887288502,782224475017049305,7822247069458947049,B,8.950,1000,8.970,13153,8.950,12149,P_SUREKLI_ISLEM
251,bist,TSKB.E,1707462145177319273,1707462145177319273,782224475017049511,7822247069458981892,B,8.960,600,8.970,13021,8.950,18268,P_SUREKLI_ISLEM
252,bist,TSKB.E,1707462145177744924,1707462145177744924,782224475017049512,7822247069458981914,S,8.960,1,8.960,775,8.950,12020,P_SUREKLI_ISLEM
253,bist,TSKB.E,1707462145177744924,1707462145177744924,782224475017049513,7822247069458981917,S,8.960,26,8.960,749,8.950,12020,P_SUREKLI_ISLEM
254,bist,TSKB.E,1707462145700185412,1707462145700185412,782224475017049581,7822247069458947049,B,8.950,5,8.960,1632,8.950,12015,P_SUREKLI_ISLEM
255,bist,TSKB.E,1707462146734919312,1707462146734919312,782224475017049711,7822247069458981917,S,8.960,1,8.960,1631,8.950,12015,P_SUREKLI_ISLEM
256,bist,TSKB.E,1707462157132929410,1707462157132929410,782224475017051491,7822247069458947049,B,8.950,230,8.960,15627,8.950,11785,P_SUREKLI_ISLEM
257,bist,TSKB.E,1707462159132451224,1707462159132451224,782224475017051694,7822247069458981917,S,8.960,748,8.960,14966,8.950,11785,P_SUREKLI_ISLEM
258,bist,TSKB.E,1707462159132451224,1707462159132451224,782224475017051695,7822247069458981919,S,8.960,883,8.960,14083,8.950,11785,P_SUREKLI_ISLEM
259,bist,TSKB.E,1707462159132451224,1707462159132451224,782224475017051696,7822247069458988544,S,8.960,13896,8.960,187,8.950,11785,P_SUREKLI_ISLEM
260,bist,TSKB.E,1707462159132451224,1707462159132451224,782224475017051697,7822247069459000866,S,8.960,100,8.960,87,8.950,11785,P_SUREKLI_ISLEM
261,bist,TSKB.E,1707462159132451224,1707462159132451224,782224475017051698,7822247069459006656,S,8.960,87,8.970,20811,8.950,11785,P_SUREKLI_ISLEM
262,bist,TSKB.E,1707462159132652611,1707462159132652611,782224475017051699,7822247069459007637,B,8.960,34286,8.970,15143,8.950,11349,P_SUREKLI_ISLEM
263,bist,TSKB.E,1707462165994040843,1707462165994040843,782224475017052553,7822247069459007668,S,8.960,47,8.960,15344,8.950,10625,P_SUREKLI_ISLEM
264,bist,TSKB.E,1707462166258679397,1707462166258679397,782224475017052599,7822247069459007668,S,8.960,5000,8.960,10344,8.950,10625,P_SUREKLI_ISLEM
265,bist,TSKB.E,1707462166824102529,1707462166824102529,782224475017052636,7822247069459007668,S,8.960,1,8.960,10343,8.950,10625,P_SUREKLI_ISLEM
266,bist,TSKB.E,1707462171489266860,1707462171489266860,782224475017053520,7822247069458947049,B,8.950,4140,8.960,10343,8.950,6517,P_SUREKLI_ISLEM
267,bist,TSKB.E,1707462176313028597,1707462176313028597,782224475017053951,7822247069458947049,B,8.950,100,8.960,10468,8.950,11417,P_SUREKLI_ISLEM
268,bist,TSKB.E,1707462180834831042,1707462180834831042,782224475017054582,7822247069458956133,B,8.950,473,8.960,15332,8.950,9624,P_SUREKLI_ISLEM
269,bist,TSKB.E,1707462180834831042,1707462180834831042,782224475017054583,7822247069458956137,B,8.950,537,8.960,15332,8.950,9087,P_SUREKLI_ISLEM
270,bist,TSKB.E,1707462180834831042,1707462180834831042,782224475017054584,7822247069458970403,B,8.950,1000,8.960,15332,8.950,8087,P_SUREKLI_ISLEM
271,bist,TSKB.E,1707462180834831042,1707462180834831042,782224475017054585,7822247069458905745,B,8.950,32,8.960,15332,8.950,8055,P_SUREKLI_ISLEM
272,bist,TSKB.E,1707462180834831042,1707462180834831042,782224475017054586,7822247069459027000,B,8.950,5000,8.960,15332,8.950,3055,P_SUREKLI_ISLEM
273,bist,TSKB.E,1707462180834831042,1707462180834831042,782224475017054587,7822247069459032874,B,8.950,3000,8.960,15332,8.950,55,P_SUREKLI_ISLEM
274,bist,TSKB.E,1707462180834831042,1707462180834831042,782224475017054588,7822247069459033558,B,8.950,55,8.960,15332,8.940,208110,P_SUREKLI_ISLEM
275,bist,TSKB.E,1707462180836821883,1707462180836821883,782224475017054593,7822247069459035629,S,8.950,10800,8.950,959,8.940,200101,P_SUREKLI_ISLEM
276,bist,TSKB.E,1707462180836821883,1707462180836821883,782224475017054594,7822247069459035676,S,8.950,672,8.950,287,8.940,200101,P_SUREKLI_ISLEM
277,bist,TSKB.E,1707462180836821883,1707462180836821883,782224475017054595,7822247069459035677,S,8.950,287,8.960,22786,8.940,200101,P_SUREKLI_ISLEM
278,bist,TSKB.E,1707462180836975418,1707462180836975418,782224475017054596,7822247069459035713,B,8.950,3241,8.960,22786,8.940,200141,P_SUREKLI_ISLEM
279,bist,TSKB.E,1707462182077071830,1707462182077071830,782224475017054728,7822247069459035731,B,8.950,1000,8.960,17094,8.950,4000,P_SUREKLI_ISLEM
280,bist,TSKB.E,1707462183898470571,1707462183898470571,782224475017054967,7822247069459007668,S,8.960,3504,8.960,13141,8.950,14000,P_SUREKLI_ISLEM
281,bist,TSKB.E,1707462202774802129,1707462202774802129,782224475017057371,7822247069459007668,S,8.960,5,8.960,12558,8.950,16000,P_SUREKLI_ISLEM
282,bist,TSKB.E,1707462205985807764,1707462205985807764,782224475017057873,7822247069459035731,B,8.950,112,8.960,12558,8.950,15888,P_SUREKLI_ISLEM
283,bist,TSKB.E,1707462205994391736,1707462205994391736,782224475017057874,7822247069459007668,S,8.960,9,8.960,12549,8.950,15888,P_SUREKLI_ISLEM
284,bist,TSKB.E,1707462206753617140,1707462206753617140,782224475017057977,7822247069459007668,S,8.960,5330,8.960,7219,8.950,15888,P_SUREKLI_ISLEM
285,bist,TSKB.E,1707462206753617140,1707462206753617140,782224475017057978,7822247069459007681,S,8.960,789,8.960,6430,8.950,15888,P_SUREKLI_ISLEM
286,bist,TSKB.E,1707462206753617140,1707462206753617140,782224475017057979,7822247069459007682,S,8.960,706,8.960,5724,8.950,15888,P_SUREKLI_ISLEM
287,bist,TSKB.E,1707462206753617140,1707462206753617140,782224475017057980,7822247069459025648,S,8.960,125,8.960,5599,8.950,15888,P_SUREKLI_ISLEM
288,bist,TSKB.E,1707462206753617140,1707462206753617140,782224475017057981,7822247069459035536,S,8.960,1990,8.960,3609,8.950,15888,P_SUREKLI_ISLEM
289,bist,TSKB.E,1707462206753617140,1707462206753617140,782224475017057982,7822247069459035538,S,8.960,1060,8.960,2549,8.950,15888,P_SUREKLI_ISLEM
290,bist,TSKB.E,1707462206753750938,1707462206753750938,782224475017057983,7822247069459035538,S,8.960,1814,8.960,982,8.950,15888,P_SUREKLI_ISLEM
291,bist,TSKB.E,1707462206753750938,1707462206753750938,782224475017057984,7822247069459035544,S,8.960,544,8.960,438,8.950,15888,P_SUREKLI_ISLEM
292,bist,TSKB.E,1707462206753750938,1707462206753750938,782224475017057985,7822247069459035773,S,8.960,191,8.960,247,8.950,15888,P_SUREKLI_ISLEM
293,bist,TSKB.E,1707462206753750938,1707462206753750938,782224475017057986,7822247069459070211,S,8.960,247,8.970,14329,8.950,15888,P_SUREKLI_ISLEM
294,bist,TSKB.E,1707462206753831228,1707462206753831228,782224475017057987,7822247069459070213,B,8.960,684,8.970,14329,8.960,1520,P_SUREKLI_ISLEM
295,bist,TSKB.E,1707462206753838918,1707462206753838918,782224475017057988,7822247069459070213,B,8.960,940,8.970,14329,8.960,580,P_SUREKLI_ISLEM
296,bist,TSKB.E,1707462206753893852,1707462206753893852,782224475017057989,7822247069459070213,B,8.960,580,8.970,14329,8.950,16488,P_SUREKLI_ISLEM
297,bist,TSKB.E,1707462206771782962,1707462206771782962,782224475017057991,7822247069459070265,S,8.960,7,8.960,6105,8.950,27579,P_SUREKLI_ISLEM
298,bist,TSKB.E,1707462209101525243,1707462209101525243,782224475017058280,7822247069459070265,S,8.960,55,8.960,6050,8.950,20489,P_SUREKLI_ISLEM
299,bist,TSKB.E,1707462212573460787,1707462212573460787,782224475017058862,7822247069459070265,S,8.960,10,8.960,6640,8.950,20489,P_SUREKLI_ISLEM
300,bist,TSKB.E,1707462219772681110,1707462219772681110,782224475017059870,7822247069459070265,S,8.960,32,8.960,6708,8.950,20489,P_SUREKLI_ISLEM
301,bist,TSKB.E,1707462223022597980,1707462223022597980,782224475017060235,7822247069459035731,B,8.950,3,8.960,6708,8.950,20496,P_SUREKLI_ISLEM
302,bist,TSKB.E,1707462224951076203,1707462224951076203,782224475017060416,7822247069459070265,S,8.960,3,8.960,6705,8.950,20496,P_SUREKLI_ISLEM
303,bist,TSKB.E,1707462224984538964,1707462224984538964,782224475017060422,7822247069459035731,B,8.950,3885,8.960,6705,8.950,16611,P_SUREKLI_ISLEM
304,bist,TSKB.E,1707462224984538964,1707462224984538964,782224475017060423,7822247069459038643,B,8.950,10000,8.960,6705,8.950,6611,P_SUREKLI_ISLEM
305,bist,TSKB.E,1707462224984538964,1707462224984538964,782224475017060424,7822247069459044627,B,8.950,2000,8.960,6705,8.950,4611,P_SUREKLI_ISLEM
306,bist,TSKB.E,1707462224984538964,1707462224984538964,782224475017060425,7822247069459070217,B,8.950,560,8.960,6705,8.950,4051,P_SUREKLI_ISLEM
307,bist,TSKB.E,1707462224984538964,1707462224984538964,782224475017060426,7822247069459070252,B,8.950,2907,8.960,6705,8.950,1144,P_SUREKLI_ISLEM
308,bist,TSKB.E,1707462224984538964,1707462224984538964,782224475017060427,7822247069459070257,B,8.950,661,8.960,6705,8.950,483,P_SUREKLI_ISLEM
309,bist,TSKB.E,1707462224984538964,1707462224984538964,782224475017060428,7822247069459070275,B,8.950,473,8.960,6705,8.950,10,P_SUREKLI_ISLEM
310,bist,TSKB.E,1707462224984538964,1707462224984538964,782224475017060429,7822247069459088668,B,8.950,10,8.960,6705,8.940,207235,P_SUREKLI_ISLEM
311,bist,TSKB.E,1707462224984538964,1707462224984538964,782224475017060430,7822247069458930296,B,8.940,1504,8.960,6705,8.940,205731,P_SUREKLI_ISLEM
312,bist,TSKB.E,1707462224984849179,1707462224984849179,782224475017060436,7822247069459070265,S,8.950,2100,8.950,1701,8.940,206352,P_SUREKLI_ISLEM
313,bist,TSKB.E,1707462224984953353,1707462224984953353,782224475017060438,7822247069459070265,S,8.950,25,8.950,16560,8.940,199538,P_SUREKLI_ISLEM
314,bist,TSKB.E,1707462224984966605,1707462224984966605,782224475017060439,7822247069459070265,S,8.950,1676,8.950,14884,8.940,199538,P_SUREKLI_ISLEM
315,bist,TSKB.E,1707462224984966605,1707462224984966605,782224475017060440,7822247069459070267,S,8.950,684,8.950,14200,8.940,199538,P_SUREKLI_ISLEM
316,bist,TSKB.E,1707462224984966605,1707462224984966605,782224475017060441,7822247069459093635,S,8.950,1441,8.950,12759,8.940,199538,P_SUREKLI_ISLEM
317,bist,TSKB.E,1707462224985023240,1707462224985023240,782224475017060442,7822247069459093635,S,8.950,3801,8.950,8958,8.940,199538,P_SUREKLI_ISLEM
318,bist,TSKB.E,1707462224985031951,1707462224985031951,782224475017060443,7822247069459093635,S,8.950,3801,8.950,5157,8.940,199538,P_SUREKLI_ISLEM
319,bist,TSKB.E,1707462224985088195,1707462224985088195,782224475017060444,7822247069459093635,S,8.950,5157,8.960,9814,8.940,199538,P_SUREKLI_ISLEM
320,bist,TSKB.E,1707462224985193214,1707462224985193214,782224475017060445,7822247069459093653,B,8.950,940,8.960,20872,8.950,16700,P_SUREKLI_ISLEM
321,bist,TSKB.E,1707462224985228841,1707462224985228841,782224475017060446,7822247069459093653,B,8.950,580,8.960,20292,8.950,16120,P_SUREKLI_ISLEM
322,bist,TSKB.E,1707462224985263203,1707462224985263203,782224475017060447,7822247069459093653,B,8.950,1120,8.960,20292,8.950,15000,P_SUREKLI_ISLEM
323,bist,TSKB.E,1707462224985263203,1707462224985263203,782224475017060448,7822247069459093664,B,8.950,2768,8.960,20292,8.950,12232,P_SUREKLI_ISLEM
324,bist,TSKB.E,1707462224985391748,1707462224985391748,782224475017060449,7822247069459093664,B,8.950,5500,8.960,20163,8.950,6732,P_SUREKLI_ISLEM
325,bist,TSKB.E,1707462227305195229,1707462227305195229,782224475017060785,7822247069459093664,B,8.950,25,8.960,20163,8.950,21707,P_SUREKLI_ISLEM
326,bist,TSKB.E,1707462234554094266,1707462234554094266,782224475017061879,7822247069459093664,B,8.950,4785,8.960,20263,8.950,16922,P_SUREKLI_ISLEM
327,bist,TSKB.E,1707462235992011032,1707462235992011032,782224475017062182,7822247069459093664,B,8.950,2,8.960,20263,8.950,16920,P_SUREKLI_ISLEM
328,bist,TSKB.E,1707462236417594158,1707462236417594158,782224475017062219,7822247069459093664,B,8.950,155,8.960,20263,8.950,16765,P_SUREKLI_ISLEM
329,bist,TSKB.E,1707462240341307121,1707462240341307121,782224475017062859,7822247069459073643,S,8.960,100,8.960,20163,8.950,16765,P_SUREKLI_ISLEM
330,bist,TSKB.E,1707462241920349451,1707462241920349451,782224475017063151,7822247069459093664,B,8.950,24,8.960,25663,8.950,16741,P_SUREKLI_ISLEM
331,bist,TSKB.E,1707462249613032730,1707462249613032730,782224475017064407,7822247069459093664,B,8.950,150,8.960,81177,8.950,16591,P_SUREKLI_ISLEM
332,bist,TSKB.E,1707462250688133807,1707462250688133807,782224475017064552,7822247069459075872,S,8.960,1,8.960,81176,8.950,16591,P_SUREKLI_ISLEM
333,bist,TSKB.E,1707462252292415039,1707462252292415039,782224475017064784,7822247069459093664,B,8.950,1591,8.960,81176,8.950,15805,P_SUREKLI_ISLEM
334,bist,TSKB.E,1707462252292415039,1707462252292415039,782224475017064785,7822247069459093727,B,8.950,5425,8.960,81176,8.950,10380,P_SUREKLI_ISLEM
335,bist,TSKB.E,1707462254628875272,1707462254628875272,782224475017065156,7822247069459075872,S,8.960,1,8.960,82175,8.950,11435,P_SUREKLI_ISLEM
336,bist,TSKB.E,1707462259131569056,1707462259131569056,782224475017065968,7822247069459093727,B,8.950,568,8.960,82175,8.950,10867,P_SUREKLI_ISLEM
337,bist,TSKB.E,1707462260866764420,1707462260866764420,782224475017066278,7822247069459093727,B,8.950,100,8.960,82175,8.950,15767,P_SUREKLI_ISLEM
338,bist,TSKB.E,1707462262843682422,1707462262843682422,782224475017066671,7822247069459075872,S,8.960,100,8.960,83986,8.950,15767,P_SUREKLI_ISLEM
339,bist,TSKB.E,1707462264944790000,1707462264944790000,782224475017066994,7822247069459093727,B,8.950,10,8.960,83986,8.950,15757,P_SUREKLI_ISLEM
340,bist,TSKB.E,1707462265095139647,1707462265095139647,782224475017067003,7822247069459093727,B,8.950,100,8.960,83986,8.950,15657,P_SUREKLI_ISLEM
341,bist,TSKB.E,1707462274236361033,1707462274236361033,782224475017068285,7822247069459093727,B,8.950,387,8.960,79785,8.950,15270,P_SUREKLI_ISLEM
342,bist,TSKB.E,1707462274465454591,1707462274465454591,782224475017068313,7822247069459093727,B,8.950,100,8.960,79785,8.950,15170,P_SUREKLI_ISLEM
343,bist,TSKB.E,1707462275050224190,1707462275050224190,782224475017068482,7822247069459093727,B,8.950,1000,8.960,71988,8.950,17188,P_SUREKLI_ISLEM
344,bist,TSKB.E,1707462277299933074,1707462277299933074,782224475017068904,7822247069459075872,S,8.960,150,8.960,71838,8.950,17188,P_SUREKLI_ISLEM
345,bist,TSKB.E,1707462292413570182,1707462292413570182,782224475017071377,7822247069459093727,B,8.950,7310,8.960,42722,8.950,21051,P_SUREKLI_ISLEM
346,bist,TSKB.E,1707462292413570182,1707462292413570182,782224475017071378,7822247069459138679,B,8.950,805,8.960,42722,8.950,20246,P_SUREKLI_ISLEM
347,bist,TSKB.E,1707462292413570182,1707462292413570182,782224475017071379,7822247069459141967,B,8.950,1000,8.960,42722,8.950,19246,P_SUREKLI_ISLEM
348,bist,TSKB.E,1707462292413570182,1707462292413570182,782224475017071380,7822247069459143137,B,8.950,55,8.960,42722,8.950,19191,P_SUREKLI_ISLEM
349,bist,TSKB.E,1707462292413570182,1707462292413570182,782224475017071381,7822247069459153994,B,8.950,5000,8.960,42722,8.950,14191,P_SUREKLI_ISLEM
350,bist,TSKB.E,1707462292413570182,1707462292413570182,782224475017071382,7822247069459176874,B,8.950,3018,8.960,42722,8.950,11173,P_SUREKLI_ISLEM
351,bist,TSKB.E,1707462292413570182,1707462292413570182,782224475017071383,7822247069459191094,B,8.950,11173,8.960,42722,8.940,205113,P_SUREKLI_ISLEM
352,bist,TSKB.E,1707462292413702526,1707462292413702526,782224475017071384,7822247069458532265,S,8.950,1639,8.960,42854,8.940,205073,P_SUREKLI_ISLEM
353,bist,TSKB.E,1707462293938381724,1707462293938381724,782224475017071543,7822247069459075872,S,8.960,248,8.960,37402,8.950,28297,P_SUREKLI_ISLEM
354,bist,TSKB.E,1707462293938381724,1707462293938381724,782224475017071544,7822247069459081962,S,8.960,100,8.960,37302,8.950,28297,P_SUREKLI_ISLEM
355,bist,TSKB.E,1707462293938381724,1707462293938381724,782224475017071545,7822247069459104708,S,8.960,100,8.960,37202,8.950,28297,P_SUREKLI_ISLEM
356,bist,TSKB.E,1707462293938381724,1707462293938381724,782224475017071546,7822247069459119040,S,8.960,5500,8.960,31702,8.950,28297,P_SUREKLI_ISLEM
357,bist,TSKB.E,1707462293938381724,1707462293938381724,782224475017071547,7822247069459124230,S,8.960,25000,8.960,6702,8.950,28297,P_SUREKLI_ISLEM
358,bist,TSKB.E,1707462293938381724,1707462293938381724,782224475017071548,7822247069459141194,S,8.960,1000,8.960,5702,8.950,28297,P_SUREKLI_ISLEM
359,bist,TSKB.E,1707462293938381724,1707462293938381724,782224475017071549,7822247069459154550,S,8.960,1222,8.960,4480,8.950,28297,P_SUREKLI_ISLEM
360,bist,TSKB.E,1707462293938381724,1707462293938381724,782224475017071550,7822247069459154558,S,8.960,689,8.960,3791,8.950,28297,P_SUREKLI_ISLEM
361,bist,TSKB.E,1707462293938381724,1707462293938381724,782224475017071551,7822247069459197923,S,8.960,859,8.960,2932,8.950,28297,P_SUREKLI_ISLEM
362,bist,TSKB.E,1707462293938381724,1707462293938381724,782224475017071552,7822247069459203621,S,8.960,25,8.960,2907,8.950,28297,P_SUREKLI_ISLEM
363,bist,TSKB.E,1707462293938381724,1707462293938381724,782224475017071553,7822247069459204520,S,8.960,2907,8.970,21831,8.950,28297,P_SUREKLI_ISLEM
364,bist,TSKB.E,1707462294149105780,1707462294149105780,782224475017071590,7822247069458790716,S,8.970,25,8.970,10046,8.960,18930,P_SUREKLI_ISLEM
365,bist,TSKB.E,1707462312228584368,1707462312228584368,782224475017074659,7822247069459206888,B,8.960,100,8.970,9622,8.960,20145,P_SUREKLI_ISLEM
366,bist,TSKB.E,1707462314702873135,1707462314702873135,782224475017075097,7822247069459206888,B,8.960,300,8.970,9163,8.960,13712,P_SUREKLI_ISLEM
367,bist,TSKB.E,1707462315449971776,1707462315449971776,782224475017075173,7822247069459206888,B,8.960,4600,8.970,9163,8.960,9112,P_SUREKLI_ISLEM
368,bist,TSKB.E,1707462315449971776,1707462315449971776,782224475017075174,7822247069459206892,B,8.960,7797,8.970,9163,8.960,1315,P_SUREKLI_ISLEM
369,bist,TSKB.E,1707462315449971776,1707462315449971776,782224475017075175,7822247069459209963,B,8.960,50,8.970,9163,8.960,1265,P_SUREKLI_ISLEM
370,bist,TSKB.E,1707462315449971776,1707462315449971776,782224475017075176,7822247069459220762,B,8.960,644,8.970,9163,8.960,621,P_SUREKLI_ISLEM
371,bist,TSKB.E,1707462315449971776,1707462315449971776,782224475017075177,7822247069459225008,B,8.960,8,8.970,9163,8.960,613,P_SUREKLI_ISLEM
372,bist,TSKB.E,1707462315449971776,1707462315449971776,782224475017075178,7822247069459232428,B,8.960,531,8.970,9163,8.960,82,P_SUREKLI_ISLEM
373,bist,TSKB.E,1707462315449971776,1707462315449971776,782224475017075179,7822247069459234438,B,8.960,82,8.970,9163,8.950,39668,P_SUREKLI_ISLEM
374,bist,TSKB.E,1707462315450135453,1707462315450135453,782224475017075180,7822247069459243483,S,8.960,16888,8.970,9266,8.950,34079,P_SUREKLI_ISLEM
375,bist,TSKB.E,1707462315450529094,1707462315450529094,782224475017075181,7822247069459243524,S,8.960,5000,8.970,15806,8.950,34039,P_SUREKLI_ISLEM
376,bist,TSKB.E,1707462315746805759,1707462315746805759,782224475017075202,7822247069459243553,B,8.960,1000,8.970,9163,8.960,6797,P_SUREKLI_ISLEM
377,bist,TSKB.E,1707462316321450951,1707462316321450951,782224475017075269,7822247069458934283,S,8.970,4,8.970,9159,8.960,11797,P_SUREKLI_ISLEM
378,bist,TSKB.E,1707462317605821834,1707462317605821834,782224475017075503,7822247069459243553,B,8.960,1,8.970,9159,8.960,12457,P_SUREKLI_ISLEM
379,bist,TSKB.E,1707462319282534143,1707462319282534143,782224475017075734,7822247069458934283,S,8.970,39,8.970,9120,8.960,12458,P_SUREKLI_ISLEM
380,bist,TSKB.E,1707462321370199628,1707462321370199628,782224475017076063,7822247069458934283,S,8.970,1,8.970,9119,8.960,17467,P_SUREKLI_ISLEM
381,bist,TSKB.E,1707462321489997636,1707462321489997636,782224475017076079,7822247069458934283,S,8.970,30,8.970,9089,8.960,17467,P_SUREKLI_ISLEM
382,bist,TSKB.E,1707462322280541432,1707462322280541432,782224475017076202,7822247069458934283,S,8.970,1,8.970,9088,8.960,17467,P_SUREKLI_ISLEM
383,bist,TSKB.E,1707462322625609993,1707462322625609993,782224475017076245,7822247069458934283,S,8.970,1000,8.970,8088,8.960,17467,P_SUREKLI_ISLEM
384,bist,TSKB.E,1707462325295839266,1707462325295839266,782224475017076452,7822247069459243553,B,8.960,3124,8.970,8088,8.960,14343,P_SUREKLI_ISLEM
385,bist,TSKB.E,1707462325770435703,1707462325770435703,782224475017076516,7822247069459243553,B,8.960,250,8.970,8088,8.960,14093,P_SUREKLI_ISLEM
386,bist,TSKB.E,1707462328019668922,1707462328019668922,782224475017076832,7822247069459244388,B,8.960,20,8.970,74918,8.960,9990,P_SUREKLI_ISLEM
387,bist,TSKB.E,1707462328240070057,1707462328240070057,782224475017076862,7822247069458934283,S,8.970,900,8.970,74018,8.960,9990,P_SUREKLI_ISLEM
388,bist,TSKB.E,1707462330637614612,1707462330637614612,782224475017077191,7822247069458934283,S,8.970,27,8.970,67241,8.960,12992,P_SUREKLI_ISLEM
389,bist,TSKB.E,1707462333773815864,1707462333773815864,782224475017077759,7822247069458934283,S,8.970,5,8.970,67236,8.960,12992,P_SUREKLI_ISLEM
390,bist,TSKB.E,1707462334261463450,1707462334261463450,782224475017077818,7822247069459244388,B,8.960,4980,8.970,67236,8.960,8012,P_SUREKLI_ISLEM
391,bist,TSKB.E,1707462334261463450,1707462334261463450,782224475017077819,7822247069459246985,B,8.960,1,8.970,67236,8.960,8011,P_SUREKLI_ISLEM
392,bist,TSKB.E,1707462334261463450,1707462334261463450,782224475017077820,7822247069459249833,B,8.960,9,8.970,67236,8.960,8002,P_SUREKLI_ISLEM
393,bist,TSKB.E,1707462334261463450,1707462334261463450,782224475017077821,7822247069459250596,B,8.960,5000,8.970,67236,8.960,3002,P_SUREKLI_ISLEM
394,bist,TSKB.E,1707462334261463450,1707462334261463450,782224475017077822,7822247069459258407,B,8.960,3002,8.970,67236,8.950,38488,P_SUREKLI_ISLEM
395,bist,TSKB.E,1707462334261631256,1707462334261631256,782224475017077823,7822247069459268796,S,8.960,27008,8.970,74217,8.950,38904,P_SUREKLI_ISLEM
396,bist,TSKB.E,1707462334261860197,1707462334261860197,782224475017077824,7822247069459268822,S,8.960,3002,8.970,74217,8.950,38904,P_SUREKLI_ISLEM
397,bist,TSKB.E,1707462334261984805,1707462334261984805,782224475017077825,7822247069459268833,B,8.960,4795,8.970,67339,8.950,39038,P_SUREKLI_ISLEM
398,bist,TSKB.E,1707462334262507784,1707462334262507784,782224475017077826,7822247069459268856,B,8.960,26,8.970,67339,8.960,4974,P_SUREKLI_ISLEM
399,bist,TSKB.E,1707462335057671721,1707462335057671721,782224475017078065,7822247069458934283,S,8.970,26,8.970,67313,8.960,4974,P_SUREKLI_ISLEM
400,bist,TSKB.E,1707462336607369779,1707462336607369779,782224475017078391,7822247069458934283,S,8.970,3,8.970,67925,8.960,4974,P_SUREKLI_ISLEM
401,bist,TSKB.E,1707462339483502087,1707462339483502087,782224475017078755,7822247069458934283,S,8.970,1,8.970,79884,8.960,4974,P_SUREKLI_ISLEM
402,bist,TSKB.E,1707462341621128798,1707462341621128798,782224475017079072,7822247069458934283,S,8.970,20,8.970,79864,8.960,4975,P_SUREKLI_ISLEM
403,bist,TSKB.E,1707462348305618135,1707462348305618135,782224475017079781,7822247069458934283,S,8.970,1,8.970,72800,8.960,4975,P_SUREKLI_ISLEM
404,bist,TSKB.E,1707462350735305907,1707462350735305907,782224475017080166,7822247069459268856,B,8.960,4974,8.970,72800,8.960,201,P_SUREKLI_ISLEM
405,bist,TSKB.E,1707462350735305907,1707462350735305907,782224475017080167,7822247069459279148,B,8.960,1,8.970,72800,8.960,200,P_SUREKLI_ISLEM
406,bist,TSKB.E,1707462350735305907,1707462350735305907,782224475017080168,7822247069459294007,B,8.960,200,8.970,72800,8.950,38456,P_SUREKLI_ISLEM
407,bist,TSKB.E,1707462350735305907,1707462350735305907,782224475017080169,7822247069459204530,B,8.950,2115,8.970,72800,8.950,36341,P_SUREKLI_ISLEM
408,bist,TSKB.E,1707462350784121111,1707462350784121111,782224475017080189,7822247069459204530,B,8.950,70,8.960,5000,8.950,36762,P_SUREKLI_ISLEM
409,bist,TSKB.E,1707462352176309444,1707462352176309444,782224475017080368,7822247069459204530,B,8.950,26,8.960,5000,8.950,34518,P_SUREKLI_ISLEM
410,bist,TSKB.E,1707462357539502158,1707462357539502158,782224475017081186,7822247069459204530,B,8.950,5,8.960,11147,8.950,34513,P_SUREKLI_ISLEM
411,bist,TSKB.E,1707462361462260638,1707462361462260638,782224475017081618,7822247069459204530,B,8.950,1147,8.960,10154,8.950,33366,P_SUREKLI_ISLEM
412,bist,TSKB.E,1707462362071244005,1707462362071244005,782224475017082407,7822247069459294717,S,8.960,40,8.960,10114,8.950,33366,P_SUREKLI_ISLEM
413,bist,TSKB.E,1707462366448092208,1707462366448092208,782224475017082857,7822247069459204530,B,8.950,20,8.960,10114,8.950,30611,P_SUREKLI_ISLEM
414,bist,TSKB.E,1707462367872614602,1707462367872614602,782224475017082977,7822247069459294717,S,8.960,5,8.960,10109,8.950,30517,P_SUREKLI_ISLEM
415,bist,TSKB.E,1707462369019837159,1707462369019837159,782224475017083055,7822247069459204530,B,8.950,29,8.960,10109,8.950,29951,P_SUREKLI_ISLEM
416,bist,TSKB.E,1707462369998922689,1707462369998922689,782224475017083202,7822247069459294717,S,8.960,10,8.960,10099,8.950,29951,P_SUREKLI_ISLEM
417,bist,TSKB.E,1707462371068221583,1707462371068221583,782224475017083313,7822247069459204530,B,8.950,1000,8.960,10099,8.950,28951,P_SUREKLI_ISLEM
418,bist,TSKB.E,1707462374418891293,1707462374418891293,782224475017083825,7822247069459294717,S,8.960,1,8.960,10098,8.950,26231,P_SUREKLI_ISLEM
419,bist,TSKB.E,1707462376345554361,1707462376345554361,782224475017084034,7822247069459204530,B,8.950,295,8.960,10098,8.950,25936,P_SUREKLI_ISLEM
420,bist,TSKB.E,1707462382788955849,1707462382788955849,782224475017085470,7822247069459204537,B,8.950,381,8.960,10580,8.950,21352,P_SUREKLI_ISLEM
421,bist,TSKB.E,1707462390194005578,1707462390194005578,782224475017086736,7822247069459204537,B,8.950,4619,8.960,14553,8.950,16365,P_SUREKLI_ISLEM
422,bist,TSKB.E,1707462390194005578,1707462390194005578,782224475017086737,7822247069459204556,B,8.950,15000,8.960,14553,8.950,1365,P_SUREKLI_ISLEM
423,bist,TSKB.E,1707462390194005578,1707462390194005578,782224475017086738,7822247069459204558,B,8.950,500,8.960,14553,8.950,865,P_SUREKLI_ISLEM
424,bist,TSKB.E,1707462390194005578,1707462390194005578,782224475017086739,7822247069459233005,B,8.950,150,8.960,14553,8.950,715,P_SUREKLI_ISLEM
425,bist,TSKB.E,1707462390194005578,1707462390194005578,782224475017086740,7822247069459238010,B,8.950,21,8.960,14553,8.950,694,P_SUREKLI_ISLEM
426,bist,TSKB.E,1707462390194005578,1707462390194005578,782224475017086741,7822247069459319910,B,8.950,23,8.960,14553,8.950,671,P_SUREKLI_ISLEM
427,bist,TSKB.E,1707462390194005578,1707462390194005578,782224475017086742,7822247069459322870,B,8.950,319,8.960,14553,8.950,352,P_SUREKLI_ISLEM
428,bist,TSKB.E,1707462390194005578,1707462390194005578,782224475017086743,7822247069459337492,B,8.950,79,8.960,14553,8.950,273,P_SUREKLI_ISLEM
429,bist,TSKB.E,1707462390194005578,1707462390194005578,782224475017086744,7822247069459355429,B,8.950,250,8.960,14553,8.950,23,P_SUREKLI_ISLEM
430,bist,TSKB.E,1707462390194005578,1707462390194005578,782224475017086745,7822247069459355967,B,8.950,23,8.960,14553,8.940,250754,P_SUREKLI_ISLEM
431,bist,TSKB.E,1707462390495332156,1707462390495332156,782224475017086817,7822247069458930296,B,8.940,27,8.950,15121,8.940,247440,P_SUREKLI_ISLEM
432,bist,TSKB.E,1707462395775587849,1707462395775587849,782224475017087488,7822247069459357185,S,8.950,100,8.950,16276,8.940,245150,P_SUREKLI_ISLEM
433,bist,TSKB.E,1707462395996766679,1707462395996766679,782224475017087569,7822247069458930296,B,8.940,1147,8.950,15129,8.940,244003,P_SUREKLI_ISLEM
434,bist,TSKB.E,1707462400744945690,1707462400744945690,782224475017088279,7822247069458930296,B,8.940,1255,8.950,13874,8.940,242188,P_SUREKLI_ISLEM
435,bist,TSKB.E,1707462406918409836,1707462406918409836,782224475017089203,7822247069458930296,B,8.940,6650,8.950,19244,8.940,240538,P_SUREKLI_ISLEM
436,bist,TSKB.E,1707462411396703381,1707462411396703381,782224475017089860,7822247069459357185,S,8.950,916,8.950,20795,8.940,239954,P_SUREKLI_ISLEM
437,bist,TSKB.E,1707462411396703381,1707462411396703381,782224475017089861,7822247069459294717,S,8.950,84,8.950,20711,8.940,239954,P_SUREKLI_ISLEM
438,bist,TSKB.E,1707462411396749942,1707462411396749942,782224475017089862,7822247069459294717,S,8.950,500,8.950,20211,8.940,239954,P_SUREKLI_ISLEM
439,bist,TSKB.E,1707462411430655747,1707462411430655747,782224475017089863,7822247069459294717,S,8.950,4360,8.950,15851,8.940,239366,P_SUREKLI_ISLEM
440,bist,TSKB.E,1707462411430655747,1707462411430655747,782224475017089864,7822247069459357220,S,8.950,240,8.950,15611,8.940,239366,P_SUREKLI_ISLEM
441,bist,TSKB.E,1707462412094576377,1707462412094576377,782224475017089969,7822247069459357220,S,8.950,100,8.950,10141,8.940,239366,P_SUREKLI_ISLEM
442,bist,TSKB.E,1707462413275826553,1707462413275826553,782224475017090121,7822247069459357220,S,8.950,2674,8.950,20634,8.940,239366,P_SUREKLI_ISLEM
443,bist,TSKB.E,1707462413275826553,1707462413275826553,782224475017090122,7822247069459357228,S,8.950,5000,8.950,15634,8.940,239366,P_SUREKLI_ISLEM
444,bist,TSKB.E,1707462413275826553,1707462413275826553,782224475017090123,7822247069459383192,S,8.950,2000,8.950,13634,8.940,239366,P_SUREKLI_ISLEM
445,bist,TSKB.E,1707462413275826553,1707462413275826553,782224475017090124,7822247069459385115,S,8.950,326,8.950,13308,8.940,239366,P_SUREKLI_ISLEM
446,bist,TSKB.E,1707462413652733480,1707462413652733480,782224475017090154,7822247069458930296,B,8.940,55,8.950,13312,8.940,239311,P_SUREKLI_ISLEM
447,bist,TSKB.E,1707462416580580171,1707462416580580171,782224475017090443,7822247069459385115,S,8.950,100,8.950,13212,8.940,239311,P_SUREKLI_ISLEM
448,bist,TSKB.E,1707462426100566452,1707462426100566452,782224475017091548,7822247069458930296,B,8.940,1147,8.950,63266,8.940,240164,P_SUREKLI_ISLEM
449,bist,TSKB.E,1707462432372416438,1707462432372416438,782224475017092335,7822247069459385115,S,8.950,41,8.950,63225,8.940,262575,P_SUREKLI_ISLEM
450,bist,TSKB.E,1707462432372416438,1707462432372416438,782224475017092336,7822247069459391212,S,8.950,667,8.950,62558,8.940,262575,P_SUREKLI_ISLEM
451,bist,TSKB.E,1707462432372416438,1707462432372416438,782224475017092337,7822247069458683913,S,8.950,4292,8.950,58266,8.940,262575,P_SUREKLI_ISLEM
452,bist,TSKB.E,1707462432372509092,1707462432372509092,782224475017092338,7822247069458683913,S,8.950,8208,8.950,50058,8.940,262575,P_SUREKLI_ISLEM
453,bist,TSKB.E,1707462432372509092,1707462432372509092,782224475017092339,7822247069459392737,S,8.950,4,8.950,50054,8.940,262575,P_SUREKLI_ISLEM
454,bist,TSKB.E,1707462432372509092,1707462432372509092,782224475017092340,7822247069459407258,S,8.950,54,8.950,50000,8.940,262575,P_SUREKLI_ISLEM
455,bist,TSKB.E,1707462432372509092,1707462432372509092,782224475017092341,7822247069459407322,S,8.950,50000,8.960,67703,8.940,262575,P_SUREKLI_ISLEM
456,bist,TSKB.E,1707462433119202165,1707462433119202165,782224475017092434,7822247069459273988,S,8.960,26,8.960,59904,8.950,25981,P_SUREKLI_ISLEM
457,bist,TSKB.E,1707462438411574580,1707462438411574580,782224475017093147,7822247069459423258,B,8.950,206,8.960,59904,8.950,25775,P_SUREKLI_ISLEM
458,bist,TSKB.E,1707462441630457875,1707462441630457875,782224475017093807,7822247069459423258,B,8.950,670,8.960,59904,8.950,25105,P_SUREKLI_ISLEM
459,bist,TSKB.E,1707462446911819048,1707462446911819048,782224475017094586,7822247069459273988,S,8.960,19,8.960,57479,8.950,25592,P_SUREKLI_ISLEM
460,bist,TSKB.E,1707462450397293508,1707462450397293508,782224475017094980,7822247069459273988,S,8.960,100,8.960,57896,8.950,25592,P_SUREKLI_ISLEM
461,bist,TSKB.E,1707462453371747746,1707462453371747746,782224475017095315,7822247069459423258,B,8.950,223,8.960,57896,8.950,25369,P_SUREKLI_ISLEM
462,bist,TSKB.E,1707462453630188142,1707462453630188142,782224475017095330,7822247069459273988,S,8.960,100,8.960,57796,8.950,25369,P_SUREKLI_ISLEM
463,bist,TSKB.E,1707462455461436109,1707462455461436109,782224475017095601,7822247069459423258,B,8.950,1147,8.960,56649,8.950,24222,P_SUREKLI_ISLEM
464,bist,TSKB.E,1707462459570015818,1707462459570015818,782224475017096057,7822247069459423258,B,8.950,2754,8.960,56649,8.950,21468,P_SUREKLI_ISLEM
465,bist,TSKB.E,1707462459570015818,1707462459570015818,782224475017096058,7822247069459423259,B,8.950,346,8.960,56649,8.950,21122,P_SUREKLI_ISLEM
466,bist,TSKB.E,1707462463910485012,1707462463910485012,782224475017096572,7822247069459423259,B,8.950,4755,8.960,51894,8.950,25367,P_SUREKLI_ISLEM
467,bist,TSKB.E,1707462464581832248,1707462464581832248,782224475017096621,7822247069459308806,S,8.960,85,8.960,51809,8.950,25367,P_SUREKLI_ISLEM
468,bist,TSKB.E,1707462466693944329,1707462466693944329,782224475017096873,7822247069459423259,B,8.950,4,8.960,51809,8.950,25366,P_SUREKLI_ISLEM
469,bist,TSKB.E,1707462466986465816,1707462466986465816,782224475017096894,7822247069459423259,B,8.950,2692,8.960,51809,8.950,22674,P_SUREKLI_ISLEM
470,bist,TSKB.E,1707462466986465816,1707462466986465816,782224475017096895,7822247069459423261,B,8.950,3684,8.960,51809,8.950,18990,P_SUREKLI_ISLEM
471,bist,TSKB.E,1707462466986465816,1707462466986465816,782224475017096896,7822247069459423289,B,8.950,3104,8.960,51809,8.950,15886,P_SUREKLI_ISLEM
472,bist,TSKB.E,1707462467973639407,1707462467973639407,782224475017097037,7822247069459308806,S,8.960,14,8.960,51795,8.950,16386,P_SUREKLI_ISLEM
473,bist,TSKB.E,1707462467973639407,1707462467973639407,782224475017097038,7822247069459344737,S,8.960,86,8.960,51709,8.950,16386,P_SUREKLI_ISLEM
474,bist,TSKB.E,1707462469231145540,1707462469231145540,782224475017097215,7822247069459423289,B,8.950,2,8.960,51709,8.950,16384,P_SUREKLI_ISLEM
475,bist,TSKB.E,1707462472689674579,1707462472689674579,782224475017097773,7822247069459423289,B,8.950,3,8.960,51709,8.950,16501,P_SUREKLI_ISLEM
476,bist,TSKB.E,1707462477014367771,1707462477014367771,782224475017098258,7822247069459344737,S,8.960,250,8.960,52606,8.950,16501,P_SUREKLI_ISLEM
477,bist,TSKB.E,1707462480205288991,1707462480205288991,782224475017098703,7822247069459344737,S,8.960,10,8.960,53096,8.950,16016,P_SUREKLI_ISLEM
478,bist,TSKB.E,1707462482571558716,1707462482571558716,782224475017098889,7822247069459423289,B,8.950,1147,8.960,51949,8.950,14869,P_SUREKLI_ISLEM
479,bist,TSKB.E,1707462482967918772,1707462482967918772,782224475017098958,7822247069459423289,B,8.950,2,8.960,51949,8.950,14867,P_SUREKLI_ISLEM
480,bist,TSKB.E,1707462484962384208,1707462484962384208,782224475017099151,7822247069459423289,B,8.950,1000,8.960,51949,8.950,13867,P_SUREKLI_ISLEM
481,bist,TSKB.E,1707462488489568799,1707462488489568799,782224475017099730,7822247069459423289,B,8.950,1000,8.960,51949,8.950,12867,P_SUREKLI_ISLEM
482,bist,TSKB.E,1707462489309057500,1707462489309057500,782224475017099857,7822247069459423289,B,8.950,30,8.960,51949,8.950,12837,P_SUREKLI_ISLEM
483,bist,TSKB.E,1707462492150598578,1707462492150598578,782224475017100183,7822247069459344737,S,8.960,2,8.960,51947,8.950,12837,P_SUREKLI_ISLEM
484,bist,TSKB.E,1707462496672458175,1707462496672458175,782224475017100724,7822247069459423289,B,8.950,1540,8.960,51947,8.950,11697,P_SUREKLI_ISLEM
485,bist,TSKB.E,1707462498628929978,1707462498628929978,782224475017100887,7822247069459423289,B,8.950,26,8.960,51947,8.950,11699,P_SUREKLI_ISLEM
486,bist,TSKB.E,1707462503272592151,1707462503272592151,782224475017101342,7822247069459423289,B,8.950,1435,8.960,51947,8.950,15263,P_SUREKLI_ISLEM
487,bist,TSKB.E,1707462505198768542,1707462505198768542,782224475017101557,7822247069459344737,S,8.960,119,8.960,51828,8.950,15263,P_SUREKLI_ISLEM
488,bist,TSKB.E,1707462505198768542,1707462505198768542,782224475017101558,7822247069459367171,S,8.960,381,8.960,51447,8.950,15263,P_SUREKLI_ISLEM
489,bist,TSKB.E,1707462508724402916,1707462508724402916,782224475017101897,7822247069459367171,S,8.960,100,8.960,51347,8.950,15263,P_SUREKLI_ISLEM
490,bist,TSKB.E,1707462511341385866,1707462511341385866,782224475017102651,7822247069459367171,S,8.960,500,8.960,50847,8.950,14763,P_SUREKLI_ISLEM
491,bist,TSKB.E,1707462513017410380,1707462513017410380,782224475017103135,7822247069459367171,S,8.960,1,8.960,50846,8.950,14763,P_SUREKLI_ISLEM
492,bist,TSKB.E,1707462517213129571,1707462517213129571,782224475017103922,7822247069459367171,S,8.960,200,8.960,51946,8.950,15033,P_SUREKLI_ISLEM
493,bist,TSKB.E,1707462518615509737,1707462518615509737,782224475017104157,7822247069459367171,S,8.960,120,8.960,51826,8.950,17413,P_SUREKLI_ISLEM
494,bist,TSKB.E,1707462527490742254,1707462527490742254,782224475017105333,7822247069459423289,B,8.950,211,8.960,54826,8.950,17302,P_SUREKLI_ISLEM
495,bist,TSKB.E,1707462527490742254,1707462527490742254,782224475017105334,7822247069459463948,B,8.950,5000,8.960,54826,8.950,12302,P_SUREKLI_ISLEM
496,bist,TSKB.E,1707462527490742254,1707462527490742254,782224475017105335,7822247069459465382,B,8.950,3316,8.960,54826,8.950,8986,P_SUREKLI_ISLEM
497,bist,TSKB.E,1707462529001507315,1707462529001507315,782224475017105557,7822247069459367171,S,8.960,684,8.960,54142,8.950,8302,P_SUREKLI_ISLEM
498,bist,TSKB.E,1707462529627188340,1707462529627188340,782224475017105680,7822247069459367171,S,8.960,10,8.960,54132,8.950,8302,P_SUREKLI_ISLEM
499,bist,TSKB.E,1707462529678521578,1707462529678521578,782224475017105686,7822247069459469455,B,8.950,3,8.960,51132,8.950,8299,P_SUREKLI_ISLEM
500,bist,TSKB.E,1707462529678521578,1707462529678521578,782224475017105687,7822247069459488053,B,8.950,1,8.960,51132,8.950,8298,P_SUREKLI_ISLEM
501,bist,TSKB.E,1707462529678521578,1707462529678521578,782224475017105688,7822247069459509763,B,8.950,400,8.960,51132,8.950,7898,P_SUREKLI_ISLEM
502,bist,TSKB.E,1707462529678521578,1707462529678521578,782224475017105689,7822247069459515708,B,8.950,28,8.960,51132,8.950,7870,P_SUREKLI_ISLEM
503,bist,TSKB.E,1707462529678521578,1707462529678521578,782224475017105690,7822247069459382134,B,8.950,2568,8.960,51132,8.950,5302,P_SUREKLI_ISLEM
504,bist,TSKB.E,1707462530403589972,1707462530403589972,782224475017105755,7822247069459367171,S,8.960,14,8.960,51118,8.950,13099,P_SUREKLI_ISLEM
505,bist,TSKB.E,1707462537004348298,1707462537004348298,782224475017106438,7822247069459367171,S,8.960,3348,8.960,46470,8.950,13099,P_SUREKLI_ISLEM
506,bist,TSKB.E,1707462541030263816,1707462541030263816,782224475017106813,7822247069459367171,S,8.960,2232,8.960,44238,8.950,13099,P_SUREKLI_ISLEM
507,bist,TSKB.E,1707462541182781343,1707462541182781343,782224475017106824,7822247069459367171,S,8.960,500,8.960,43738,8.950,13099,P_SUREKLI_ISLEM
508,bist,TSKB.E,1707462542940910671,1707462542940910671,782224475017107055,7822247069459367171,S,8.960,1,8.960,43737,8.950,23099,P_SUREKLI_ISLEM
509,bist,TSKB.E,1707462543568358610,1707462543568358610,782224475017107134,7822247069459382134,B,8.950,1700,8.960,43737,8.950,21930,P_SUREKLI_ISLEM
510,bist,TSKB.E,1707462543657268854,1707462543657268854,782224475017107141,7822247069459367171,S,8.960,100,8.960,43637,8.950,21830,P_SUREKLI_ISLEM
511,bist,TSKB.E,1707462547207785046,1707462547207785046,782224475017107568,7822247069459382134,B,8.950,732,8.960,43667,8.950,21098,P_SUREKLI_ISLEM
512,bist,TSKB.E,1707462547207785046,1707462547207785046,782224475017107569,7822247069459544534,B,8.950,100,8.960,43667,8.950,20998,P_SUREKLI_ISLEM
513,bist,TSKB.E,1707462547207785046,1707462547207785046,782224475017107570,7822247069459549267,B,8.950,170,8.960,43667,8.950,20828,P_SUREKLI_ISLEM
514,bist,TSKB.E,1707462547207785046,1707462547207785046,782224475017107571,7822247069459551638,B,8.950,998,8.960,43667,8.950,19830,P_SUREKLI_ISLEM
515,bist,TSKB.E,1707462547605457640,1707462547605457640,782224475017107641,7822247069459367171,S,8.960,12,8.960,43655,8.950,19830,P_SUREKLI_ISLEM
516,bist,TSKB.E,1707462548170178768,1707462548170178768,782224475017107707,7822247069459551638,B,8.950,1502,8.960,43655,8.950,18328,P_SUREKLI_ISLEM
517,bist,TSKB.E,1707462548170178768,1707462548170178768,782224475017107708,7822247069459571677,B,8.950,1498,8.960,43655,8.950,16830,P_SUREKLI_ISLEM
518,bist,TSKB.E,1707462549860553041,1707462549860553041,782224475017107918,7822247069459367171,S,8.960,3500,8.960,40205,8.950,16830,P_SUREKLI_ISLEM
519,bist,TSKB.E,1707462550932362091,1707462550932362091,782224475017108067,7822247069459571677,B,8.950,3684,8.960,563910,8.950,12615,P_SUREKLI_ISLEM
520,bist,TSKB.E,1707462550932421742,1707462550932421742,782224475017108068,7822247069459571677,B,8.950,2615,8.960,569220,8.950,10000,P_SUREKLI_ISLEM
521,bist,TSKB.E,1707462550932421742,1707462550932421742,782224475017108069,7822247069459590078,B,8.950,10000,8.960,569220,8.940,260883,P_SUREKLI_ISLEM
522,bist,TSKB.E,1707462552429719251,1707462552429719251,782224475017108433,7822247069458930296,B,8.940,1391,8.950,20546,8.940,258683,P_SUREKLI_ISLEM
523,bist,TSKB.E,1707462556797620453,1707462556797620453,782224475017108937,7822247069459601675,S,8.950,500,8.950,21822,8.940,258683,P_SUREKLI_ISLEM
524,bist,TSKB.E,1707462559265005165,1707462559265005165,782224475017109232,7822247069459601675,S,8.950,40,8.950,21782,8.940,258683,P_SUREKLI_ISLEM
525,bist,TSKB.E,1707462559621682160,1707462559621682160,782224475017109271,7822247069459601675,S,8.950,4460,8.950,17322,8.940,259183,P_SUREKLI_ISLEM
526,bist,TSKB.E,1707462559621682160,1707462559621682160,782224475017109272,7822247069459601679,S,8.950,614,8.950,16708,8.940,259183,P_SUREKLI_ISLEM
527,bist,TSKB.E,1707462559621682160,1707462559621682160,782224475017109273,7822247069459601688,S,8.950,132,8.950,16576,8.940,259183,P_SUREKLI_ISLEM
528,bist,TSKB.E,1707462559621682160,1707462559621682160,782224475017109274,7822247069459391211,S,8.950,5917,8.950,10659,8.940,259183,P_SUREKLI_ISLEM
529,bist,TSKB.E,1707462559621682160,1707462559621682160,782224475017109275,7822247069459601690,S,8.950,479,8.950,10180,8.940,259183,P_SUREKLI_ISLEM
530,bist,TSKB.E,1707462559621682160,1707462559621682160,782224475017109276,7822247069459601700,S,8.950,7797,8.950,2383,8.940,259183,P_SUREKLI_ISLEM
531,bist,TSKB.E,1707462559621682160,1707462559621682160,782224475017109277,7822247069459602266,S,8.950,607,8.950,1776,8.940,259183,P_SUREKLI_ISLEM
532,bist,TSKB.E,1707462559621682160,1707462559621682160,782224475017109278,7822247069459609110,S,8.950,1179,8.950,597,8.940,259183,P_SUREKLI_ISLEM
533,bist,TSKB.E,1707462559621682160,1707462559621682160,782224475017109279,7822247069459609111,S,8.950,597,8.960,575824,8.940,259183,P_SUREKLI_ISLEM
534,bist,TSKB.E,1707462559622036173,1707462559622036173,782224475017109280,7822247069459618703,B,8.950,7797,8.960,575824,8.940,258778,P_SUREKLI_ISLEM
535,bist,TSKB.E,1707462559622133005,1707462559622133005,782224475017109281,7822247069458930296,B,8.940,54241,8.960,575824,8.940,204537,P_SUREKLI_ISLEM
536,bist,TSKB.E,1707462560023509306,1707462560023509306,782224475017109313,7822247069459618715,S,8.950,482,8.950,8395,8.940,203843,P_SUREKLI_ISLEM
537,bist,TSKB.E,1707462560023509306,1707462560023509306,782224475017109314,7822247069459618719,S,8.950,4518,8.950,3877,8.940,203843,P_SUREKLI_ISLEM
538,bist,TSKB.E,1707462560023610420,1707462560023610420,782224475017109315,7822247069459618719,S,8.950,3279,8.950,1197,8.940,203843,P_SUREKLI_ISLEM
539,bist,TSKB.E,1707462560023610420,1707462560023610420,782224475017109316,7822247069459618721,S,8.950,469,8.950,728,8.940,203843,P_SUREKLI_ISLEM
540,bist,TSKB.E,1707462560023610420,1707462560023610420,782224475017109317,7822247069459618725,S,8.950,129,8.950,599,8.940,203843,P_SUREKLI_ISLEM
541,bist,TSKB.E,1707462560023610420,1707462560023610420,782224475017109318,7822247069459619036,S,8.950,599,8.960,576423,8.940,203843,P_SUREKLI_ISLEM
542,bist,TSKB.E,1707462560023695444,1707462560023695444,782224475017109319,7822247069459619038,B,8.950,524,8.960,576423,8.940,203843,P_SUREKLI_ISLEM
543,bist,TSKB.E,1707462560023964395,1707462560023964395,782224475017109320,7822247069459619065,S,8.950,546,8.960,576423,8.940,203937,P_SUREKLI_ISLEM
544,bist,TSKB.E,1707462560024027782,1707462560024027782,782224475017109321,7822247069459619074,B,8.950,126,8.960,576423,8.950,7125,P_SUREKLI_ISLEM
545,bist,TSKB.E,1707462560024037153,1707462560024037153,782224475017109322,7822247069459619074,B,8.950,525,8.960,576423,8.950,6600,P_SUREKLI_ISLEM
546,bist,TSKB.E,1707462560024047561,1707462560024047561,782224475017109323,7822247069459619074,B,8.950,453,8.960,576423,8.950,6147,P_SUREKLI_ISLEM
547,bist,TSKB.E,1707462560024071469,1707462560024071469,782224475017109324,7822247069459619074,B,8.950,3748,8.960,576423,8.950,2399,P_SUREKLI_ISLEM
548,bist,TSKB.E,1707462560024215922,1707462560024215922,782224475017109325,7822247069459619074,B,8.950,728,8.960,576423,8.950,1671,P_SUREKLI_ISLEM
549,bist,TSKB.E,1707462560024296007,1707462560024296007,782224475017109326,7822247069459619074,B,8.950,524,8.960,576423,8.950,1147,P_SUREKLI_ISLEM
550,bist,TSKB.E,1707462560024494012,1707462560024494012,782224475017109327,7822247069459619135,S,8.950,615,8.960,576423,8.940,203843,P_SUREKLI_ISLEM
551,bist,TSKB.E,1707462560024617141,1707462560024617141,782224475017109328,7822247069459619157,S,8.950,104,8.950,1128,8.940,203843,P_SUREKLI_ISLEM
552,bist,TSKB.E,1707462560024634296,1707462560024634296,782224475017109329,7822247069459619159,S,8.950,572,8.950,556,8.940,203843,P_SUREKLI_ISLEM
553,bist,TSKB.E,1707462560024655077,1707462560024655077,782224475017109330,7822247069459619161,S,8.950,556,8.960,576423,8.940,203843,P_SUREKLI_ISLEM
554,bist,TSKB.E,1707462560828408646,1707462560828408646,782224475017109465,7822247069459620239,S,8.950,582,8.950,719,8.940,203843,P_SUREKLI_ISLEM
555,bist,TSKB.E,1707462560828474361,1707462560828474361,782224475017109466,7822247069459620245,S,8.950,132,8.950,1112,8.940,203843,P_SUREKLI_ISLEM
556,bist,TSKB.E,1707462560828508029,1707462560828508029,782224475017109467,7822247069459620248,S,8.950,587,8.950,525,8.940,203843,P_SUREKLI_ISLEM
557,bist,TSKB.E,1707462560828520108,1707462560828520108,782224475017109468,7822247069459620254,S,8.950,525,8.960,576423,8.940,203843,P_SUREKLI_ISLEM
558,bist,TSKB.E,1707462560828547295,1707462560828547295,782224475017109469,7822247069459620268,S,8.950,514,8.960,576423,8.940,203843,P_SUREKLI_ISLEM
559,bist,TSKB.E,1707462561239176856,1707462561239176856,782224475017109534,7822247069459620269,B,8.950,1361,8.960,576423,8.950,18276,P_SUREKLI_ISLEM
560,bist,TSKB.E,1707462561239361914,1707462561239361914,782224475017109535,7822247069459620281,B,8.950,5000,8.960,576423,8.940,204585,P_SUREKLI_ISLEM
561,bist,TSKB.E,1707462561239641590,1707462561239641590,782224475017109536,7822247069459620808,S,8.950,5000,8.960,575809,8.940,204413,P_SUREKLI_ISLEM
562,bist,TSKB.E,1707462561259104255,1707462561259104255,782224475017109537,7822247069459620825,S,8.950,107,8.950,612,8.940,204413,P_SUREKLI_ISLEM
563,bist,TSKB.E,1707462561259104255,1707462561259104255,782224475017109538,7822247069459620828,S,8.950,612,8.960,575809,8.940,204413,P_SUREKLI_ISLEM
564,bist,TSKB.E,1707462561259249945,1707462561259249945,782224475017109539,7822247069459620863,B,8.950,25,8.960,576340,8.950,4975,P_SUREKLI_ISLEM
565,bist,TSKB.E,1707462561391201031,1707462561391201031,782224475017109555,7822247069459620863,B,8.950,25,8.960,576340,8.950,4950,P_SUREKLI_ISLEM
566,bist,TSKB.E,1707462561490319150,1707462561490319150,782224475017109568,7822247069459620863,B,8.950,25,8.960,576340,8.950,4925,P_SUREKLI_ISLEM
567,bist,TSKB.E,1707462563202107238,1707462563202107238,782224475017109891,7822247069459367171,S,8.960,4,8.960,576336,8.950,4925,P_SUREKLI_ISLEM
568,bist,TSKB.E,1707462566460052427,1707462566460052427,782224475017110409,7822247069459367171,S,8.960,27,8.960,565010,8.950,20193,P_SUREKLI_ISLEM
569,bist,TSKB.E,1707462567519218688,1707462567519218688,782224475017110717,7822247069459620863,B,8.950,4925,8.960,565010,8.950,15268,P_SUREKLI_ISLEM
570,bist,TSKB.E,1707462567519218688,1707462567519218688,782224475017110718,7822247069459628013,B,8.950,5075,8.960,565010,8.950,10193,P_SUREKLI_ISLEM
571,bist,TSKB.E,1707462567519408913,1707462567519408913,782224475017110719,7822247069459628013,B,8.950,2722,8.960,565010,8.950,1000,P_SUREKLI_ISLEM
572,bist,TSKB.E,1707462567519408913,1707462567519408913,782224475017110720,7822247069459630962,B,8.950,1000,8.960,565010,8.940,209966,P_SUREKLI_ISLEM
573,bist,TSKB.E,1707462567519602600,1707462567519602600,782224475017110721,7822247069459634329,S,8.950,4950,8.960,565010,8.940,209794,P_SUREKLI_ISLEM
574,bist,TSKB.E,1707462567519848986,1707462567519848986,782224475017110722,7822247069459367171,S,8.960,27,8.960,564983,8.940,209794,P_SUREKLI_ISLEM
575,bist,TSKB.E,1707462568336448002,1707462568336448002,782224475017110813,7822247069459367171,S,8.960,50,8.960,564933,8.940,209898,P_SUREKLI_ISLEM
576,bist,TSKB.E,1707462569311787656,1707462569311787656,782224475017110920,7822247069459637132,B,8.950,500,8.960,572102,8.940,210520,P_SUREKLI_ISLEM
577,bist,TSKB.E,1707462570506403390,1707462570506403390,782224475017111020,7822247069459637680,B,8.950,19500,8.960,566433,8.940,210520,P_SUREKLI_ISLEM
578,bist,TSKB.E,1707462571529350675,1707462571529350675,782224475017111147,7822247069458930296,B,8.940,2920,8.950,30500,8.940,207456,P_SUREKLI_ISLEM
579,bist,TSKB.E,1707462574916004865,1707462574916004865,782224475017111548,7822247069458930296,B,8.940,1000,8.950,30500,8.940,206456,P_SUREKLI_ISLEM
580,bist,TSKB.E,1707462575088187195,1707462575088187195,782224475017111564,7822247069459000686,S,8.950,2000,8.950,28500,8.940,206456,P_SUREKLI_ISLEM
581,bist,TSKB.E,1707462575987384486,1707462575987384486,782224475017111718,7822247069459000686,S,8.950,400,8.950,28100,8.940,206456,P_SUREKLI_ISLEM
582,bist,TSKB.E,1707462579322691309,1707462579322691309,782224475017112192,7822247069459000686,S,8.950,500,8.950,27600,8.940,202075,P_SUREKLI_ISLEM
583,bist,TSKB.E,1707462579322724464,1707462579322724464,782224475017112193,7822247069459000686,S,8.950,500,8.950,27100,8.940,202075,P_SUREKLI_ISLEM
584,bist,TSKB.E,1707462583585597911,1707462583585597911,782224475017112714,7822247069458930296,B,8.940,170,8.950,27100,8.940,201915,P_SUREKLI_ISLEM
585,bist,TSKB.E,1707462594665345528,1707462594665345528,782224475017114043,7822247069458930296,B,8.940,45,8.950,28462,8.940,201992,P_SUREKLI_ISLEM
586,bist,TSKB.E,1707462599748010038,1707462599748010038,782224475017114648,7822247069459000686,S,8.950,50,8.950,28414,8.940,202192,P_SUREKLI_ISLEM
587,bist,TSKB.E,1707462603544288623,1707462603544288623,782224475017115144,7822247069458930296,B,8.940,7,8.950,28414,8.940,202205,P_SUREKLI_ISLEM
588,bist,TSKB.E,1707462605957570068,1707462605957570068,782224475017115490,7822247069458930296,B,8.940,112947,8.950,28414,8.940,89265,P_SUREKLI_ISLEM
589,bist,TSKB.E,1707462605957570068,1707462605957570068,782224475017115491,7822247069458930355,B,8.940,10000,8.950,28414,8.940,79265,P_SUREKLI_ISLEM
590,bist,TSKB.E,1707462605957570068,1707462605957570068,782224475017115492,7822247069458931506,B,8.940,5,8.950,28414,8.940,79260,P_SUREKLI_ISLEM
591,bist,TSKB.E,1707462605957570068,1707462605957570068,782224475017115493,7822247069458941616,B,8.940,60,8.950,28414,8.940,79200,P_SUREKLI_ISLEM
592,bist,TSKB.E,1707462605957570068,1707462605957570068,782224475017115494,7822247069459027716,B,8.940,1000,8.950,28414,8.940,78200,P_SUREKLI_ISLEM
593,bist,TSKB.E,1707462605957570068,1707462605957570068,782224475017115495,7822247069459035585,B,8.940,2798,8.950,28414,8.940,75402,P_SUREKLI_ISLEM
594,bist,TSKB.E,1707462605957570068,1707462605957570068,782224475017115496,7822247069459071338,B,8.940,280,8.950,28414,8.940,75122,P_SUREKLI_ISLEM
595,bist,TSKB.E,1707462605957570068,1707462605957570068,782224475017115497,7822247069459161948,B,8.940,300,8.950,28414,8.940,74822,P_SUREKLI_ISLEM
596,bist,TSKB.E,1707462605957570068,1707462605957570068,782224475017115498,7822247069459280191,B,8.940,46000,8.950,28414,8.940,28822,P_SUREKLI_ISLEM
597,bist,TSKB.E,1707462605957570068,1707462605957570068,782224475017115499,7822247069459404044,B,8.940,2000,8.950,28414,8.940,26822,P_SUREKLI_ISLEM
598,bist,TSKB.E,1707462605957570068,1707462605957570068,782224475017115500,7822247069459419023,B,8.940,300,8.950,28414,8.940,26522,P_SUREKLI_ISLEM
599,bist,TSKB.E,1707462605957570068,1707462605957570068,782224475017115501,7822247069459420210,B,8.940,22111,8.950,28414,8.940,4411,P_SUREKLI_ISLEM
600,bist,TSKB.E,1707462605957570068,1707462605957570068,782224475017115502,7822247069459436354,B,8.940,100,8.950,28414,8.940,4311,P_SUREKLI_ISLEM
601,bist,TSKB.E,1707462605957570068,1707462605957570068,782224475017115503,7822247069458996018,B,8.940,1300,8.950,28414,8.940,3011,P_SUREKLI_ISLEM
602,bist,TSKB.E,1707462605957570068,1707462605957570068,782224475017115504,7822247069459618681,B,8.940,500,8.950,28414,8.940,2511,P_SUREKLI_ISLEM
603,bist,TSKB.E,1707462605957570068,1707462605957570068,782224475017115505,7822247069459620789,B,8.940,570,8.950,28414,8.940,1941,P_SUREKLI_ISLEM
604,bist,TSKB.E,1707462605957570068,1707462605957570068,782224475017115506,7822247069459636038,B,8.940,582,8.950,28414,8.940,1359,P_SUREKLI_ISLEM
605,bist,TSKB.E,1707462605957570068,1707462605957570068,782224475017115507,7822247069459650685,B,8.940,1000,8.950,28414,8.940,359,P_SUREKLI_ISLEM
606,bist,TSKB.E,1707462605957570068,1707462605957570068,782224475017115508,7822247069459660244,B,8.940,10,8.950,28414,8.940,349,P_SUREKLI_ISLEM
607,bist,TSKB.E,1707462605957570068,1707462605957570068,782224475017115509,7822247069458917655,B,8.940,72,8.950,28414,8.940,277,P_SUREKLI_ISLEM
608,bist,TSKB.E,1707462605957570068,1707462605957570068,782224475017115510,7822247069459674701,B,8.940,50,8.950,28414,8.940,227,P_SUREKLI_ISLEM
609,bist,TSKB.E,1707462605957570068,1707462605957570068,782224475017115511,7822247069459687050,B,8.940,200,8.950,28414,8.940,27,P_SUREKLI_ISLEM
610,bist,TSKB.E,1707462605957570068,1707462605957570068,782224475017115512,7822247069459690450,B,8.940,20,8.950,28414,8.940,7,P_SUREKLI_ISLEM
611,bist,TSKB.E,1707462605957570068,1707462605957570068,782224475017115513,7822247069459701551,B,8.940,7,8.950,28414,8.930,157203,P_SUREKLI_ISLEM
612,bist,TSKB.E,1707462605957570068,1707462605957570068,782224475017115514,7822247069458670340,B,8.930,53050,8.950,28414,8.930,104153,P_SUREKLI_ISLEM
613,bist,TSKB.E,1707462605957570068,1707462605957570068,782224475017115515,7822247069458698380,B,8.930,1000,8.950,28414,8.930,103153,P_SUREKLI_ISLEM
614,bist,TSKB.E,1707462605957570068,1707462605957570068,782224475017115516,7822247069458862523,B,8.930,200,8.950,28414,8.930,102953,P_SUREKLI_ISLEM
615,bist,TSKB.E,1707462605957570068,1707462605957570068,782224475017115517,7822247069458869043,B,8.930,1509,8.950,28414,8.930,101444,P_SUREKLI_ISLEM
616,bist,TSKB.E,1707462605957570068,1707462605957570068,782224475017115518,7822247069458901939,B,8.930,200,8.950,28414,8.930,101244,P_SUREKLI_ISLEM
617,bist,TSKB.E,1707462605957570068,1707462605957570068,782224475017115519,7822247069458905539,B,8.930,5,8.950,28414,8.930,101239,P_SUREKLI_ISLEM
618,bist,TSKB.E,1707462605957570068,1707462605957570068,782224475017115520,7822247069458924015,B,8.930,1000,8.950,28414,8.930,100239,P_SUREKLI_ISLEM
619,bist,TSKB.E,1707462605957570068,1707462605957570068,782224475017115521,7822247069458930300,B,8.930,514,8.950,28414,8.930,99725,P_SUREKLI_ISLEM
620,bist,TSKB.E,1707462605957570068,1707462605957570068,782224475017115522,7822247069458761391,B,8.930,40,8.950,28414,8.930,99685,P_SUREKLI_ISLEM
621,bist,TSKB.E,1707462605957570068,1707462605957570068,782224475017115523,7822247069458930312,B,8.930,460,8.950,28414,8.930,99225,P_SUREKLI_ISLEM
622,bist,TSKB.E,1707462605957570068,1707462605957570068,782224475017115524,7822247069458930320,B,8.930,107,8.950,28414,8.930,99118,P_SUREKLI_ISLEM
623,bist,TSKB.E,1707462605957570068,1707462605957570068,782224475017115525,7822247069458930328,B,8.930,459,8.950,28414,8.930,98659,P_SUREKLI_ISLEM
624,bist,TSKB.E,1707462605957570068,1707462605957570068,782224475017115526,7822247069458935324,B,8.930,10,8.950,28414,8.930,98649,P_SUREKLI_ISLEM
625,bist,TSKB.E,1707462605957570068,1707462605957570068,782224475017115527,7822247069458953621,B,8.930,300,8.950,28414,8.930,98349,P_SUREKLI_ISLEM
626,bist,TSKB.E,1707462605957570068,1707462605957570068,782224475017115528,7822247069459053886,B,8.930,2,8.950,28414,8.930,98347,P_SUREKLI_ISLEM
627,bist,TSKB.E,1707462605957570068,1707462605957570068,782224475017115529,7822247069459106394,B,8.930,34,8.950,28414,8.930,98313,P_SUREKLI_ISLEM
628,bist,TSKB.E,1707462605957570068,1707462605957570068,782224475017115530,7822247069459164011,B,8.930,5000,8.950,28414,8.930,93313,P_SUREKLI_ISLEM
629,bist,TSKB.E,1707462605957570068,1707462605957570068,782224475017115531,7822247069459176708,B,8.930,44000,8.950,28414,8.930,49313,P_SUREKLI_ISLEM
630,bist,TSKB.E,1707462605957570068,1707462605957570068,782224475017115532,7822247069459206873,B,8.930,44000,8.950,28414,8.930,5313,P_SUREKLI_ISLEM
631,bist,TSKB.E,1707462605957570068,1707462605957570068,782224475017115533,7822247069459302961,B,8.930,1,8.950,28414,8.930,5312,P_SUREKLI_ISLEM
632,bist,TSKB.E,1707462605957570068,1707462605957570068,782224475017115534,7822247069459358873,B,8.930,1,8.950,28414,8.930,5311,P_SUREKLI_ISLEM
633,bist,TSKB.E,1707462605957570068,1707462605957570068,782224475017115535,7822247069459634337,B,8.930,2359,8.950,28414,8.930,2952,P_SUREKLI_ISLEM
634,bist,TSKB.E,1707462605957570068,1707462605957570068,782224475017115536,7822247069459634342,B,8.930,2952,8.950,28414,8.920,114560,P_SUREKLI_ISLEM
635,bist,TSKB.E,1707462605957570068,1707462605957570068,782224475017115537,7822247069458379716,B,8.920,16,8.950,28414,8.920,114544,P_SUREKLI_ISLEM
636,bist,TSKB.E,1707462605957570068,1707462605957570068,782224475017115538,7822247069458406243,B,8.920,6,8.950,28414,8.920,114538,P_SUREKLI_ISLEM
637,bist,TSKB.E,1707462605957570068,1707462605957570068,782224475017115539,7822247069458670331,B,8.920,80000,8.950,28414,8.920,34538,P_SUREKLI_ISLEM
638,bist,TSKB.E,1707462605957570068,1707462605957570068,782224475017115540,7822247069458818449,B,8.920,40,8.950,28414,8.920,34498,P_SUREKLI_ISLEM
639,bist,TSKB.E,1707462605957570068,1707462605957570068,782224475017115541,7822247069458829183,B,8.920,666,8.950,28414,8.920,33832,P_SUREKLI_ISLEM
640,bist,TSKB.E,1707462605957570068,1707462605957570068,782224475017115542,7822247069458829184,B,8.920,611,8.950,28414,8.920,33221,P_SUREKLI_ISLEM
641,bist,TSKB.E,1707462605957570068,1707462605957570068,782224475017115543,7822247069458829497,B,8.920,454,8.950,28414,8.920,32767,P_SUREKLI_ISLEM
642,bist,TSKB.E,1707462605957570068,1707462605957570068,782224475017115544,7822247069458831390,B,8.920,564,8.950,28414,8.920,32203,P_SUREKLI_ISLEM
643,bist,TSKB.E,1707462605957570068,1707462605957570068,782224475017115545,7822247069458840522,B,8.920,94,8.950,28414,8.920,32109,P_SUREKLI_ISLEM
644,bist,TSKB.E,1707462605957570068,1707462605957570068,782224475017115546,7822247069458407910,B,8.920,700,8.950,28414,8.920,31409,P_SUREKLI_ISLEM
645,bist,TSKB.E,1707462605957570068,1707462605957570068,782224475017115547,7822247069458938698,B,8.920,300,8.950,28414,8.920,31109,P_SUREKLI_ISLEM
646,bist,TSKB.E,1707462605957570068,1707462605957570068,782224475017115548,7822247069458993050,B,8.920,1000,8.950,28414,8.920,30109,P_SUREKLI_ISLEM
647,bist,TSKB.E,1707462605957570068,1707462605957570068,782224475017115549,7822247069459035532,B,8.920,3000,8.950,28414,8.920,27109,P_SUREKLI_ISLEM
648,bist,TSKB.E,1707462605957570068,1707462605957570068,782224475017115550,7822247069459042273,B,8.920,10000,8.950,28414,8.920,17109,P_SUREKLI_ISLEM
649,bist,TSKB.E,1707462605957570068,1707462605957570068,782224475017115551,7822247069458761387,B,8.920,40,8.950,28414,8.920,17069,P_SUREKLI_ISLEM
650,bist,TSKB.E,1707462605957570068,1707462605957570068,782224475017115552,7822247069459467978,B,8.920,100,8.950,28414,8.920,16969,P_SUREKLI_ISLEM
651,bist,TSKB.E,1707462605957570068,1707462605957570068,782224475017115553,7822247069459620265,B,8.920,6969,8.950,28414,8.920,10000,P_SUREKLI_ISLEM
652,bist,TSKB.E,1707462605957570068,1707462605957570068,782224475017115554,7822247069458662059,B,8.920,10000,8.950,28414,8.910,127344,P_SUREKLI_ISLEM
653,bist,TSKB.E,1707462605957570068,1707462605957570068,782224475017115555,7822247069458379738,B,8.910,16,8.950,28414,8.910,127328,P_SUREKLI_ISLEM
654,bist,TSKB.E,1707462605957570068,1707462605957570068,782224475017115556,7822247069458671414,B,8.910,26009,8.950,28414,8.910,101319,P_SUREKLI_ISLEM
655,bist,TSKB.E,1707462605958770095,1707462605958770095,782224475017115567,7822247069459703897,S,8.930,10000,8.940,11812,8.920,17384,P_SUREKLI_ISLEM
656,bist,TSKB.E,1707462605958770095,1707462605958770095,782224475017115568,7822247069459703870,S,8.940,5000,8.940,6812,8.920,17384,P_SUREKLI_ISLEM
657,bist,TSKB.E,1707462605958934569,1707462605958934569,782224475017115569,7822247069459703859,B,8.920,27,8.930,10258,8.920,17357,P_SUREKLI_ISLEM
658,bist,TSKB.E,1707462605959020917,1707462605959020917,782224475017115570,7822247069459703909,S,8.930,486,8.930,9772,8.920,17357,P_SUREKLI_ISLEM
659,bist,TSKB.E,1707462605959020917,1707462605959020917,782224475017115571,7822247069459703916,S,8.930,9772,8.940,9817,8.920,17357,P_SUREKLI_ISLEM
660,bist,TSKB.E,1707462605959020917,1707462605959020917,782224475017115572,7822247069459703870,S,8.940,4772,8.940,5045,8.920,17357,P_SUREKLI_ISLEM
661,bist,TSKB.E,1707462605959020917,1707462605959020917,782224475017115573,7822247069459703875,S,8.940,531,8.940,4514,8.920,17357,P_SUREKLI_ISLEM
662,bist,TSKB.E,1707462605959020917,1707462605959020917,782224475017115574,7822247069459703891,S,8.940,1509,8.940,3005,8.920,17357,P_SUREKLI_ISLEM
663,bist,TSKB.E,1707462605959020917,1707462605959020917,782224475017115575,7822247069459703910,S,8.940,2470,8.940,535,8.920,17357,P_SUREKLI_ISLEM
664,bist,TSKB.E,1707462605959020917,1707462605959020917,782224475017115576,7822247069459703917,S,8.940,460,8.940,75,8.920,17357,P_SUREKLI_ISLEM
665,bist,TSKB.E,1707462605959161502,1707462605959161502,782224475017115581,7822247069459703859,B,8.920,26,8.940,2497,8.920,17331,P_SUREKLI_ISLEM
666,bist,TSKB.E,1707462605959545230,1707462605959545230,782224475017115582,7822247069459703971,B,8.930,26,8.940,3100,8.930,28374,P_SUREKLI_ISLEM
667,bist,TSKB.E,1707462605959894811,1707462605959894811,782224475017115584,7822247069459703917,S,8.940,75,8.940,3025,8.930,33853,P_SUREKLI_ISLEM
668,bist,TSKB.E,1707462605959894811,1707462605959894811,782224475017115585,7822247069459703950,S,8.940,2422,8.940,603,8.930,33853,P_SUREKLI_ISLEM
669,bist,TSKB.E,1707462605959894811,1707462605959894811,782224475017115586,7822247069459703970,S,8.940,603,8.950,38266,8.930,33853,P_SUREKLI_ISLEM
670,bist,TSKB.E,1707462605959971984,1707462605959971984,782224475017115587,7822247069459704069,B,8.940,1900,8.950,38266,8.930,33853,P_SUREKLI_ISLEM
671,bist,TSKB.E,1707462605962162158,1707462605962162158,782224475017115590,7822247069459704109,S,8.940,26,8.940,374,8.930,26779,P_SUREKLI_ISLEM
672,bist,TSKB.E,1707462606441585883,1707462606441585883,782224475017115613,7822247069459703987,B,8.930,659,8.940,16325,8.930,42120,P_SUREKLI_ISLEM
673,bist,TSKB.E,1707462606650621936,1707462606650621936,782224475017115652,7822247069459703987,B,8.930,20641,8.940,110428,8.930,21000,P_SUREKLI_ISLEM
674,bist,TSKB.E,1707462606650621936,1707462606650621936,782224475017115653,7822247069459704054,B,8.930,5000,8.940,110428,8.930,16000,P_SUREKLI_ISLEM
675,bist,TSKB.E,1707462606650621936,1707462606650621936,782224475017115654,7822247069459704174,B,8.930,16000,8.940,110428,8.920,18509,P_SUREKLI_ISLEM
676,bist,TSKB.E,1707462606651873471,1707462606651873471,782224475017115655,7822247069459703859,B,8.920,25,8.930,24406,8.920,17306,P_SUREKLI_ISLEM
677,bist,TSKB.E,1707462606957967092,1707462606957967092,782224475017115744,7822247069459705272,S,8.930,544,8.930,23862,8.920,17306,P_SUREKLI_ISLEM
678,bist,TSKB.E,1707462606957967092,1707462606957967092,782224475017115745,7822247069459705277,S,8.930,2798,8.930,21064,8.920,17306,P_SUREKLI_ISLEM
679,bist,TSKB.E,1707462606957967092,1707462606957967092,782224475017115746,7822247069459705293,S,8.930,486,8.930,20578,8.920,17306,P_SUREKLI_ISLEM
680,bist,TSKB.E,1707462606957967092,1707462606957967092,782224475017115747,7822247069459705297,S,8.930,640,8.930,19938,8.920,17306,P_SUREKLI_ISLEM
